Local time,Ask,Bid,AskVolume,BidVolume
17.11.2025 03:02:04.934 GMT+0500,1.16229,1.16143,0.9,0.93
17.11.2025 03:02:11.002 GMT+0500,1.1623,1.1614200000000001,0.9,0.93
17.11.2025 03:02:13.008 GMT+0500,1.1623,1.16144,0.9,0.65
17.11.2025 03:02:15.265 GMT+0500,1.1623,1.16163,0.9,0.36
17.11.2025 03:02:58.524 GMT+0500,1.16224,1.1616700000000002,1.8,0.93
17.11.2025 03:02:58.726 GMT+0500,1.1622100000000002,1.1616700000000002,0.31,0.93
17.11.2025 03:03:03.037 GMT+0500,1.1622100000000002,1.16168,0.31,0.65
17.11.2025 03:04:23.846 GMT+0500,1.1626100000000001,1.16168,0.65,0.65
17.11.2025 03:04:32.618 GMT+0500,1.16255,1.16168,0.9,0.65
17.11.2025 03:05:01.454 GMT+0500,1.16253,1.16168,0.9,0.65
17.11.2025 03:05:01.858 GMT+0500,1.16255,1.16168,0.9,0.65
17.11.2025 03:05:02.009 GMT+0500,1.1625400000000001,1.16168,0.9,0.65
17.11.2025 03:05:04.469 GMT+0500,1.1625400000000001,1.16168,1.64,0.65
17.11.2025 03:05:04.672 GMT+0500,1.16245,1.16168,0.45,0.65
17.11.2025 03:05:05.426 GMT+0500,1.1625400000000001,1.16168,1.64,0.65
17.11.2025 03:05:10.899 GMT+0500,1.16214,1.16168,1.8,0.65
17.11.2025 03:05:11.001 GMT+0500,1.16212,1.16168,0.31,0.65
17.11.2025 03:05:15.378 GMT+0500,1.1621100000000002,1.1617600000000001,0.31,0.9
17.11.2025 03:05:20.098 GMT+0500,1.1621100000000002,1.1617700000000002,0.31,0.9
17.11.2025 03:05:20.601 GMT+0500,1.1621100000000002,1.16181,0.31,0.9
17.11.2025 03:05:25.969 GMT+0500,1.16212,1.1617600000000001,0.29,0.9
17.11.2025 03:05:27.878 GMT+0500,1.16212,1.16182,0.29,0.65
17.11.2025 03:05:42.551 GMT+0500,1.16212,1.16194,0.29,0.22
17.11.2025 03:06:11.958 GMT+0500,1.1621100000000002,1.16195,0.29,0.22
17.11.2025 03:06:20.496 GMT+0500,1.16214,1.16201,0.29,0.9
17.11.2025 03:06:21.803 GMT+0500,1.16239,1.1620000000000001,4.5,0.9
17.11.2025 03:06:22.207 GMT+0500,1.16237,1.16201,4.5,0.9
17.11.2025 03:06:24.217 GMT+0500,1.16239,1.1620000000000001,4.5,0.9
17.11.2025 03:06:26.127 GMT+0500,1.16236,1.16201,4.5,0.9
17.11.2025 03:06:27.637 GMT+0500,1.16237,1.16201,4.5,0.9
17.11.2025 03:06:32.514 GMT+0500,1.16236,1.1620000000000001,4.5,0.9
17.11.2025 03:06:36.080 GMT+0500,1.16236,1.16201,4.5,0.9
17.11.2025 03:06:40.100 GMT+0500,1.16238,1.1620000000000001,4.5,0.9
17.11.2025 03:06:43.466 GMT+0500,1.16235,1.16201,4.5,0.9
17.11.2025 03:06:44.272 GMT+0500,1.16236,1.16201,4.5,0.9
17.11.2025 03:07:01.192 GMT+0500,1.16238,1.1620000000000001,4.5,0.9
17.11.2025 03:07:04.661 GMT+0500,1.16236,1.16201,4.5,0.9
17.11.2025 03:07:09.184 GMT+0500,1.16238,1.1620000000000001,4.5,0.9
17.11.2025 03:07:12.553 GMT+0500,1.16236,1.16201,4.5,0.9
17.11.2025 03:07:17.929 GMT+0500,1.1623700000000001,1.16201,4.5,0.9
17.11.2025 03:07:20.036 GMT+0500,1.1623700000000001,1.16202,4.5,0.9
17.11.2025 03:07:35.174 GMT+0500,1.16238,1.16202,4.5,0.9
17.11.2025 03:07:45.617 GMT+0500,1.16238,1.1617700000000002,0.9,4.5
17.11.2025 03:07:45.669 GMT+0500,1.16228,1.16173,4.5,0.65
17.11.2025 03:07:48.238 GMT+0500,1.16226,1.16173,4.5,0.65
17.11.2025 03:08:05.622 GMT+0500,1.16224,1.16173,4.5,0.65
17.11.2025 03:08:10.045 GMT+0500,1.16225,1.16173,4.5,0.65
17.11.2025 03:08:11.856 GMT+0500,1.1623700000000001,1.16173,0.9,0.65
17.11.2025 03:08:12.109 GMT+0500,1.16228,1.16173,4.5,0.65
17.11.2025 03:08:15.084 GMT+0500,1.16235,1.16173,4.5,0.65
17.11.2025 03:08:15.136 GMT+0500,1.16235,1.1616900000000001,4.5,0.45
17.11.2025 03:08:15.338 GMT+0500,1.16233,1.1617,4.5,0.45
17.11.2025 03:08:15.490 GMT+0500,1.16233,1.16168,4.5,1.15
17.11.2025 03:08:15.896 GMT+0500,1.16228,1.16168,4.5,1.15
17.11.2025 03:08:16.098 GMT+0500,1.16234,1.16168,4.5,1.15
17.11.2025 03:08:22.433 GMT+0500,1.1623100000000002,1.16168,4.5,1.15
17.11.2025 03:08:22.887 GMT+0500,1.16229,1.16168,4.5,1.15
17.11.2025 03:08:26.057 GMT+0500,1.16235,1.16168,4.5,6.15
17.11.2025 03:08:27.065 GMT+0500,1.1622700000000001,1.16168,4.5,1.15
17.11.2025 03:08:27.318 GMT+0500,1.16234,1.16168,4.5,1.15
17.11.2025 03:08:28.075 GMT+0500,1.1622700000000001,1.16168,4.5,0.65
17.11.2025 03:08:28.328 GMT+0500,1.16234,1.16168,4.5,0.65
17.11.2025 03:08:29.083 GMT+0500,1.1622700000000001,1.16168,4.5,0.65
17.11.2025 03:08:29.335 GMT+0500,1.16235,1.16168,4.5,0.65
17.11.2025 03:08:30.091 GMT+0500,1.16228,1.16168,4.5,0.65
17.11.2025 03:08:30.344 GMT+0500,1.16234,1.16168,4.5,0.65
17.11.2025 03:08:31.101 GMT+0500,1.16228,1.16168,4.5,0.65
17.11.2025 03:08:31.353 GMT+0500,1.16234,1.16168,4.5,0.65
17.11.2025 03:08:32.110 GMT+0500,1.16228,1.16168,4.5,0.65
17.11.2025 03:08:32.362 GMT+0500,1.16234,1.16168,4.5,0.65
17.11.2025 03:08:40.156 GMT+0500,1.16228,1.16168,4.5,0.65
17.11.2025 03:08:40.408 GMT+0500,1.16234,1.16168,4.5,0.65
17.11.2025 03:08:41.165 GMT+0500,1.1622700000000001,1.16168,4.5,0.65
17.11.2025 03:08:41.418 GMT+0500,1.16234,1.16168,4.5,0.65
17.11.2025 03:08:50.261 GMT+0500,1.16233,1.16171,4.5,4.5
17.11.2025 03:08:51.268 GMT+0500,1.1622700000000001,1.16168,4.5,0.65
17.11.2025 03:08:51.521 GMT+0500,1.16234,1.16168,4.5,0.65
17.11.2025 03:08:52.327 GMT+0500,1.1622700000000001,1.16168,4.5,0.65
17.11.2025 03:08:52.530 GMT+0500,1.16234,1.16168,4.5,0.65
17.11.2025 03:08:53.338 GMT+0500,1.16228,1.16168,4.5,0.65
17.11.2025 03:08:53.540 GMT+0500,1.16234,1.16168,4.5,0.65
17.11.2025 03:08:54.297 GMT+0500,1.16228,1.16168,4.5,0.65
17.11.2025 03:08:54.549 GMT+0500,1.16234,1.16168,4.5,0.65
17.11.2025 03:08:57.467 GMT+0500,1.1623700000000001,1.16171,0.9,0.9
17.11.2025 03:08:57.721 GMT+0500,1.16236,1.16173,0.9,4.5
17.11.2025 03:08:58.480 GMT+0500,1.16235,1.16175,4.5,0.94
17.11.2025 03:09:00.547 GMT+0500,1.16235,1.16174,4.5,0.94
17.11.2025 03:09:01.708 GMT+0500,1.16234,1.1617600000000001,0.9,4.5
17.11.2025 03:09:01.962 GMT+0500,1.16235,1.16173,0.9,4.5
17.11.2025 03:09:02.067 GMT+0500,1.16233,1.1619700000000002,0.45,0.94
17.11.2025 03:09:02.170 GMT+0500,1.16212,1.16196,0.29,0.94
17.11.2025 03:09:02.729 GMT+0500,1.16212,1.16194,0.29,0.94
17.11.2025 03:09:07.271 GMT+0500,1.16212,1.16196,0.29,0.94
17.11.2025 03:09:08.129 GMT+0500,1.16212,1.16192,0.29,0.94
17.11.2025 03:09:11.814 GMT+0500,1.16224,1.16208,0.29,0.94
17.11.2025 03:09:11.866 GMT+0500,1.1624700000000001,1.16208,4.5,0.94
17.11.2025 03:09:12.068 GMT+0500,1.1626,1.16208,0.45,0.94
17.11.2025 03:09:17.257 GMT+0500,1.16259,1.1620700000000002,0.45,1.84
17.11.2025 03:09:18.216 GMT+0500,1.1626,1.1620700000000002,0.45,0.94
17.11.2025 03:09:22.838 GMT+0500,1.1626,1.16208,0.45,0.94
17.11.2025 03:09:23.141 GMT+0500,1.1626,1.16206,0.45,1.84
17.11.2025 03:09:25.003 GMT+0500,1.1626,1.16209,0.45,0.45
17.11.2025 03:09:28.178 GMT+0500,1.16259,1.1621100000000002,0.45,0.94
17.11.2025 03:09:28.381 GMT+0500,1.16259,1.1621000000000001,0.45,0.45
17.11.2025 03:09:31.147 GMT+0500,1.16259,1.1621100000000002,0.45,0.94
17.11.2025 03:09:32.054 GMT+0500,1.1626,1.16209,0.45,0.45
17.11.2025 03:09:35.372 GMT+0500,1.1626,1.1621000000000001,0.45,0.94
17.11.2025 03:09:37.490 GMT+0500,1.16259,1.1621000000000001,0.45,1.39
17.11.2025 03:10:01.722 GMT+0500,1.16259,1.1621100000000002,2.25,0.94
17.11.2025 03:10:11.826 GMT+0500,1.16258,1.16209,1.8,0.45
17.11.2025 03:10:20.423 GMT+0500,1.16259,1.1621100000000002,1.8,0.94
17.11.2025 03:10:25.898 GMT+0500,1.16258,1.1621100000000002,1.8,0.94
17.11.2025 03:10:33.548 GMT+0500,1.16258,1.16212,1.8,0.94
17.11.2025 03:10:40.880 GMT+0500,1.16256,1.1621100000000002,0.45,0.94
17.11.2025 03:10:45.205 GMT+0500,1.16257,1.1620700000000002,0.45,1.39
17.11.2025 03:10:50.637 GMT+0500,1.16257,1.1621000000000001,0.45,0.94
17.11.2025 03:10:58.875 GMT+0500,1.1624100000000002,1.1622000000000001,1.8,0.94
17.11.2025 03:11:20.830 GMT+0500,1.1624200000000002,1.1622000000000001,1.8,0.94
17.11.2025 03:11:34.138 GMT+0500,1.16243,1.1622100000000002,1.8,0.94
17.11.2025 03:12:18.120 GMT+0500,1.1624100000000002,1.1622000000000001,1.8,0.94
17.11.2025 03:12:33.836 GMT+0500,1.16256,1.16212,0.45,0.94
17.11.2025 03:13:08.045 GMT+0500,1.1625400000000001,1.1621100000000002,1.8,0.94
17.11.2025 03:14:08.044 GMT+0500,1.16257,1.16208,0.9,0.9
17.11.2025 03:14:25.736 GMT+0500,1.16253,1.1621299999999999,1.8,0.94
17.11.2025 03:14:29.053 GMT+0500,1.16253,1.16212,1.8,0.94
17.11.2025 03:15:04.092 GMT+0500,1.1625400000000001,1.1621100000000002,1.8,0.94
17.11.2025 03:15:04.546 GMT+0500,1.1625400000000001,1.16212,1.8,0.94
17.11.2025 03:15:05.302 GMT+0500,1.1625200000000002,1.16212,1.8,0.94
17.11.2025 03:15:05.756 GMT+0500,1.1625400000000001,1.1621100000000002,1.8,0.94
17.11.2025 03:15:10.433 GMT+0500,1.1625400000000001,1.16212,1.8,0.94
17.11.2025 03:15:13.751 GMT+0500,1.16253,1.16212,1.8,0.94
17.11.2025 03:15:33.232 GMT+0500,1.1625,1.1621100000000002,1.8,0.94
17.11.2025 03:15:58.261 GMT+0500,1.1625100000000002,1.16216,1.8,0.45
17.11.2025 03:16:05.292 GMT+0500,1.1625100000000002,1.1621000000000001,1.8,0.94
17.11.2025 03:16:06.046 GMT+0500,1.1625100000000002,1.16216,1.8,0.45
17.11.2025 03:16:33.218 GMT+0500,1.16255,1.1621700000000001,0.45,0.45
17.11.2025 03:16:33.419 GMT+0500,1.16256,1.1621700000000001,0.9,0.45
17.11.2025 03:17:06.208 GMT+0500,1.16257,1.16208,0.9,5.4
17.11.2025 03:17:11.681 GMT+0500,1.16257,1.16216,0.9,0.45
17.11.2025 03:17:56.405 GMT+0500,1.1625400000000001,1.1621700000000001,0.9,0.45
17.11.2025 03:17:56.862 GMT+0500,1.16248,1.1621700000000001,1.8,0.45
17.11.2025 03:17:57.016 GMT+0500,1.16249,1.16215,1.8,0.45
17.11.2025 03:18:13.297 GMT+0500,1.16248,1.1621000000000001,1.8,0.94
17.11.2025 03:18:13.752 GMT+0500,1.16248,1.16209,1.8,0.94
17.11.2025 03:18:16.880 GMT+0500,1.16248,1.16216,1.8,0.45
17.11.2025 03:18:30.942 GMT+0500,1.1625200000000002,1.16216,1.8,1.35
17.11.2025 03:18:30.995 GMT+0500,1.16253,1.1621700000000001,1.8,0.45
17.11.2025 03:18:32.610 GMT+0500,1.1625400000000001,1.16218,1.8,0.45
17.11.2025 03:18:39.855 GMT+0500,1.1625400000000001,1.1621700000000001,1.8,0.45
17.11.2025 03:18:48.049 GMT+0500,1.1625100000000002,1.16216,1.8,0.45
17.11.2025 03:18:48.607 GMT+0500,1.16249,1.16215,1.8,0.45
17.11.2025 03:18:53.590 GMT+0500,1.16248,1.1622000000000001,1.8,0.9
17.11.2025 03:18:53.642 GMT+0500,1.16255,1.1622000000000001,1.8,0.9
17.11.2025 03:19:01.242 GMT+0500,1.16255,1.16219,1.8,0.9
17.11.2025 03:19:06.974 GMT+0500,1.16256,1.16219,1.8,0.9
17.11.2025 03:19:14.318 GMT+0500,1.16255,1.16219,1.8,5.4
17.11.2025 03:19:21.463 GMT+0500,1.1624700000000001,1.16218,1.8,0.45
17.11.2025 03:19:22.036 GMT+0500,1.1624700000000001,1.16216,1.8,0.45
17.11.2025 03:19:38.272 GMT+0500,1.16249,1.16215,1.8,0.45
17.11.2025 03:20:55.488 GMT+0500,1.1625400000000001,1.16216,0.9,0.45
17.11.2025 03:20:56.041 GMT+0500,1.16255,1.1620700000000002,0.9,0.9
17.11.2025 03:20:58.048 GMT+0500,1.16249,1.1621000000000001,1.8,0.94
17.11.2025 03:21:09.454 GMT+0500,1.16255,1.16222,1.8,0.9
17.11.2025 03:21:09.708 GMT+0500,1.16255,1.1622299999999999,1.8,0.9
17.11.2025 03:21:10.114 GMT+0500,1.16257,1.16224,1.8,0.9
17.11.2025 03:21:20.079 GMT+0500,1.16256,1.16224,1.8,0.9
17.11.2025 03:21:43.545 GMT+0500,1.1625200000000002,1.16224,0.9,0.9
17.11.2025 03:21:50.293 GMT+0500,1.1625200000000002,1.16225,0.9,4.5
17.11.2025 03:22:04.489 GMT+0500,1.16253,1.16225,0.9,4.5
17.11.2025 03:22:12.274 GMT+0500,1.1625200000000002,1.1622700000000001,0.9,4.5
17.11.2025 03:22:12.527 GMT+0500,1.1625200000000002,1.16226,0.9,4.5
17.11.2025 03:22:13.484 GMT+0500,1.1625200000000002,1.1622700000000001,0.9,4.5
17.11.2025 03:22:15.244 GMT+0500,1.16253,1.16225,0.9,4.5
17.11.2025 03:22:16.452 GMT+0500,1.16253,1.16226,0.9,4.5
17.11.2025 03:22:38.564 GMT+0500,1.16253,1.1622700000000001,0.9,4.5
17.11.2025 03:23:04.479 GMT+0500,1.16244,1.1622000000000001,1.8,4.5
17.11.2025 03:23:04.733 GMT+0500,1.16244,1.1621299999999999,1.8,0.94
17.11.2025 03:23:05.037 GMT+0500,1.16245,1.16214,1.8,0.45
17.11.2025 03:23:10.276 GMT+0500,1.16257,1.16229,1.8,0.9
17.11.2025 03:23:10.430 GMT+0500,1.16257,1.1623100000000002,1.8,0.9
17.11.2025 03:23:11.463 GMT+0500,1.16257,1.1623,1.8,0.9
17.11.2025 03:23:16.500 GMT+0500,1.16259,1.1623,1.8,0.9
17.11.2025 03:23:20.326 GMT+0500,1.16246,1.1622000000000001,1.8,0.9
17.11.2025 03:23:20.430 GMT+0500,1.16246,1.16214,1.8,0.94
17.11.2025 03:23:21.441 GMT+0500,1.16244,1.1621299999999999,1.8,0.94
17.11.2025 03:23:22.552 GMT+0500,1.16246,1.1621299999999999,1.8,0.94
17.11.2025 03:23:29.543 GMT+0500,1.16248,1.16215,1.8,0.94
17.11.2025 03:23:32.115 GMT+0500,1.1624700000000001,1.1621100000000002,1.8,1.39
17.11.2025 03:23:35.642 GMT+0500,1.16244,1.16212,1.8,0.94
17.11.2025 03:23:40.220 GMT+0500,1.1625,1.1623,1.8,0.9
17.11.2025 03:23:40.272 GMT+0500,1.16253,1.1623,0.45,0.9
17.11.2025 03:23:40.324 GMT+0500,1.16255,1.1623100000000002,1.8,0.9
17.11.2025 03:23:40.477 GMT+0500,1.16257,1.1623,1.8,0.9
17.11.2025 03:23:40.732 GMT+0500,1.16256,1.1623,1.8,0.9
17.11.2025 03:23:48.391 GMT+0500,1.1625400000000001,1.1623100000000002,1.8,0.9
17.11.2025 03:23:48.443 GMT+0500,1.16256,1.1623100000000002,2.25,0.9
17.11.2025 03:23:50.257 GMT+0500,1.1624700000000001,1.16222,1.8,4.5
17.11.2025 03:23:50.515 GMT+0500,1.1624700000000001,1.1621299999999999,1.8,0.94
17.11.2025 03:24:01.727 GMT+0500,1.1624700000000001,1.16212,1.8,0.94
17.11.2025 03:24:02.233 GMT+0500,1.16244,1.1621100000000002,1.8,0.94
17.11.2025 03:24:06.258 GMT+0500,1.16243,1.16209,1.8,0.94
17.11.2025 03:24:10.186 GMT+0500,1.16244,1.16209,1.8,0.94
17.11.2025 03:24:22.548 GMT+0500,1.16244,1.1621100000000002,1.8,0.45
17.11.2025 03:24:40.186 GMT+0500,1.16243,1.16222,1.8,0.45
17.11.2025 03:24:40.290 GMT+0500,1.16249,1.1623,4.5,0.9
17.11.2025 03:24:40.494 GMT+0500,1.16257,1.1623,1.8,0.9
17.11.2025 03:24:55.245 GMT+0500,1.16255,1.16229,0.9,0.22
17.11.2025 03:25:11.615 GMT+0500,1.16253,1.16228,0.9,0.22
17.11.2025 03:25:13.284 GMT+0500,1.16246,1.16226,0.9,0.9
17.11.2025 03:25:13.338 GMT+0500,1.16255,1.16225,1.8,4.5
17.11.2025 03:25:13.391 GMT+0500,1.16239,1.16226,1.8,4.5
17.11.2025 03:25:13.546 GMT+0500,1.1624,1.16219,1.8,0.45
17.11.2025 03:25:14.362 GMT+0500,1.1625400000000001,1.1622000000000001,1.8,0.45
17.11.2025 03:25:14.515 GMT+0500,1.1624,1.16219,1.8,0.45
17.11.2025 03:25:14.671 GMT+0500,1.1625100000000002,1.1622000000000001,1.8,0.45
17.11.2025 03:25:19.179 GMT+0500,1.1625200000000002,1.16228,0.9,0.22
17.11.2025 03:25:19.232 GMT+0500,1.1625400000000001,1.16229,2.7,0.22
17.11.2025 03:25:24.871 GMT+0500,1.1625200000000002,1.16228,1.8,0.22
17.11.2025 03:25:25.124 GMT+0500,1.16255,1.16228,2.7,0.22
17.11.2025 03:25:26.635 GMT+0500,1.1625100000000002,1.16228,1.8,0.22
17.11.2025 03:25:28.697 GMT+0500,1.1625400000000001,1.16229,0.9,0.22
17.11.2025 03:25:52.224 GMT+0500,1.1625200000000002,1.16229,0.9,0.22
17.11.2025 03:26:54.016 GMT+0500,1.1625200000000002,1.16222,4.5,0.94
17.11.2025 03:26:54.068 GMT+0500,1.1624200000000002,1.1622000000000001,1.8,0.45
17.11.2025 03:27:00.818 GMT+0500,1.16249,1.16219,1.8,0.45
17.11.2025 03:27:03.489 GMT+0500,1.1625200000000002,1.16229,1.8,0.22
17.11.2025 03:27:03.995 GMT+0500,1.1625400000000001,1.1623,2.7,0.22
17.11.2025 03:27:07.471 GMT+0500,1.1625400000000001,1.16229,1.8,0.22
17.11.2025 03:27:10.137 GMT+0500,1.16255,1.16229,2.7,0.22
17.11.2025 03:27:13.506 GMT+0500,1.1625400000000001,1.16229,1.8,0.22
17.11.2025 03:27:30.707 GMT+0500,1.16255,1.16229,0.9,0.22
17.11.2025 03:27:31.112 GMT+0500,1.1625400000000001,1.16229,1.8,0.22
17.11.2025 03:27:32.270 GMT+0500,1.16253,1.16228,1.8,0.22
17.11.2025 03:27:35.340 GMT+0500,1.16253,1.1622700000000001,0.9,0.22
17.11.2025 03:28:05.062 GMT+0500,1.16253,1.16228,2.7,0.22
17.11.2025 03:29:04.035 GMT+0500,1.1625200000000002,1.16228,0.9,0.22
17.11.2025 03:29:04.087 GMT+0500,1.1624200000000002,1.16225,1.8,4.5
17.11.2025 03:29:04.290 GMT+0500,1.1624200000000002,1.16219,1.8,1.39
17.11.2025 03:29:04.696 GMT+0500,1.16248,1.16218,1.8,0.45
17.11.2025 03:29:05.050 GMT+0500,1.16248,1.16219,1.8,0.45
17.11.2025 03:29:07.472 GMT+0500,1.1624,1.16219,1.8,0.45
17.11.2025 03:29:08.630 GMT+0500,1.1624700000000001,1.1622000000000001,1.8,0.45
17.11.2025 03:29:17.253 GMT+0500,1.16239,1.16219,1.8,0.45
17.11.2025 03:29:17.864 GMT+0500,1.16248,1.16219,1.8,0.45
17.11.2025 03:29:18.269 GMT+0500,1.1624700000000001,1.16219,1.8,0.45
17.11.2025 03:29:23.306 GMT+0500,1.1625400000000001,1.16234,6.3,0.22
17.11.2025 03:29:23.411 GMT+0500,1.1624700000000001,1.1622000000000001,1.8,4.5
17.11.2025 03:29:23.564 GMT+0500,1.16246,1.16219,1.8,0.45
17.11.2025 03:29:32.268 GMT+0500,1.16238,1.16219,1.8,0.45
17.11.2025 03:29:32.673 GMT+0500,1.16256,1.16234,1.8,0.22
17.11.2025 03:29:32.726 GMT+0500,1.1625200000000002,1.16235,1.8,0.22
17.11.2025 03:29:35.952 GMT+0500,1.1625100000000002,1.16235,1.8,0.22
17.11.2025 03:29:41.434 GMT+0500,1.16255,1.16235,1.8,0.22
17.11.2025 03:29:46.667 GMT+0500,1.1625200000000002,1.16234,1.8,0.22
17.11.2025 03:29:51.444 GMT+0500,1.16256,1.16234,1.8,1.16
17.11.2025 03:29:53.358 GMT+0500,1.1625200000000002,1.16235,1.8,0.22
17.11.2025 03:29:58.738 GMT+0500,1.1625400000000001,1.16234,1.8,0.22
17.11.2025 03:30:00.046 GMT+0500,1.16255,1.16235,0.9,1.16
17.11.2025 03:30:01.359 GMT+0500,1.1625400000000001,1.16234,1.8,0.22
17.11.2025 03:30:03.274 GMT+0500,1.16255,1.16235,1.8,0.22
17.11.2025 03:30:05.339 GMT+0500,1.16253,1.16234,1.8,0.22
17.11.2025 03:30:06.198 GMT+0500,1.1624200000000002,1.16232,1.8,0.9
17.11.2025 03:30:06.251 GMT+0500,1.1624200000000002,1.16225,1.8,0.94
17.11.2025 03:30:13.444 GMT+0500,1.1624100000000002,1.16225,1.8,0.94
17.11.2025 03:30:13.496 GMT+0500,1.16244,1.16225,1.8,0.94
17.11.2025 03:30:15.214 GMT+0500,1.16246,1.1622299999999999,2.25,0.45
17.11.2025 03:30:15.368 GMT+0500,1.16246,1.16222,1.8,0.94
17.11.2025 03:30:19.143 GMT+0500,1.16249,1.16219,1.8,1.39
17.11.2025 03:30:19.197 GMT+0500,1.1625100000000002,1.16235,0.45,0.45
17.11.2025 03:30:19.354 GMT+0500,1.16255,1.16235,2.7,0.45
17.11.2025 03:30:20.667 GMT+0500,1.1625400000000001,1.16235,1.8,0.45
17.11.2025 03:30:51.438 GMT+0500,1.1625400000000001,1.16236,1.8,0.45
17.11.2025 03:31:14.556 GMT+0500,1.16248,1.16232,1.8,3.6
17.11.2025 03:31:14.609 GMT+0500,1.16248,1.16229,1.8,4.5
17.11.2025 03:31:14.813 GMT+0500,1.16248,1.1622100000000002,1.8,0.94
17.11.2025 03:31:16.325 GMT+0500,1.16248,1.16219,1.8,1.35
17.11.2025 03:31:17.486 GMT+0500,1.1625,1.16219,1.8,1.35
17.11.2025 03:31:22.110 GMT+0500,1.16249,1.16219,0.9,1.35
17.11.2025 03:31:25.282 GMT+0500,1.1625100000000002,1.16219,0.45,1.35
17.11.2025 03:31:25.385 GMT+0500,1.1625100000000002,1.1622000000000001,3.15,1.35
17.11.2025 03:31:26.293 GMT+0500,1.16246,1.1622000000000001,1.8,1.35
17.11.2025 03:31:26.396 GMT+0500,1.16244,1.16219,1.8,1.35
17.11.2025 03:31:30.876 GMT+0500,1.1624200000000002,1.16219,1.8,0.45
17.11.2025 03:31:31.833 GMT+0500,1.1624100000000002,1.16218,1.8,0.45
17.11.2025 03:31:34.302 GMT+0500,1.16239,1.16219,1.8,0.45
17.11.2025 03:31:37.423 GMT+0500,1.16243,1.16218,2.25,0.45
17.11.2025 03:31:41.047 GMT+0500,1.16246,1.16218,0.45,0.45
17.11.2025 03:31:41.201 GMT+0500,1.16246,1.16219,1.8,0.45
17.11.2025 03:31:41.957 GMT+0500,1.16239,1.16219,1.8,0.45
17.11.2025 03:31:44.321 GMT+0500,1.16243,1.16218,0.45,0.45
17.11.2025 03:31:44.374 GMT+0500,1.1624700000000001,1.16219,2.25,0.45
17.11.2025 03:31:45.940 GMT+0500,1.1624700000000001,1.16218,1.8,0.45
17.11.2025 03:31:56.248 GMT+0500,1.1624,1.16218,1.8,0.45
17.11.2025 03:31:56.553 GMT+0500,1.16239,1.16218,1.8,3.1
17.11.2025 03:31:59.621 GMT+0500,1.16245,1.1621700000000001,1.8,2.16
17.11.2025 03:32:01.433 GMT+0500,1.16246,1.1621700000000001,1.8,2.16
17.11.2025 03:32:06.109 GMT+0500,1.16238,1.16218,1.8,0.94
17.11.2025 03:32:35.115 GMT+0500,1.1624100000000002,1.1621700000000001,0.45,2.16
17.11.2025 03:32:35.167 GMT+0500,1.16245,1.16218,1.8,2.16
17.11.2025 03:32:36.328 GMT+0500,1.16243,1.16218,1.8,2.16
17.11.2025 03:32:37.336 GMT+0500,1.1624200000000002,1.16218,1.8,2.16
17.11.2025 03:32:40.462 GMT+0500,1.1624200000000002,1.1621700000000001,1.8,2.16
17.11.2025 03:32:50.517 GMT+0500,1.1624100000000002,1.1621700000000001,1.8,0.94
17.11.2025 03:32:51.830 GMT+0500,1.1624200000000002,1.16215,1.8,0.94
17.11.2025 03:32:52.135 GMT+0500,1.1624100000000002,1.1621700000000001,1.8,0.94
17.11.2025 03:33:13.617 GMT+0500,1.1623,1.16214,0.9,2.16
17.11.2025 03:33:13.722 GMT+0500,1.16244,1.1621000000000001,1.8,5.4
17.11.2025 03:33:14.078 GMT+0500,1.16246,1.1621000000000001,1.8,0.9
17.11.2025 03:33:14.686 GMT+0500,1.16244,1.16212,1.8,0.94
17.11.2025 03:33:15.342 GMT+0500,1.16244,1.1621299999999999,1.8,0.94
17.11.2025 03:33:19.618 GMT+0500,1.16244,1.16212,1.8,0.94
17.11.2025 03:33:43.535 GMT+0500,1.16244,1.1621100000000002,1.8,0.94
17.11.2025 03:33:45.095 GMT+0500,1.16245,1.1621100000000002,1.8,0.94
17.11.2025 03:34:10.419 GMT+0500,1.16245,1.1621000000000001,1.8,0.94
17.11.2025 03:34:11.679 GMT+0500,1.16246,1.1621000000000001,1.8,1.84
17.11.2025 03:34:17.052 GMT+0500,1.16245,1.1621100000000002,1.8,0.94
17.11.2025 03:35:10.435 GMT+0500,1.16245,1.1621000000000001,1.8,0.94
17.11.2025 03:35:14.055 GMT+0500,1.16245,1.1621100000000002,1.8,0.94
17.11.2025 03:35:38.624 GMT+0500,1.16245,1.1621000000000001,1.8,0.94
17.11.2025 03:35:41.249 GMT+0500,1.16246,1.16209,1.8,0.94
17.11.2025 03:35:41.555 GMT+0500,1.16246,1.1621000000000001,5.4,0.94
17.11.2025 03:35:41.959 GMT+0500,1.1624700000000001,1.16208,3.6,0.94
17.11.2025 03:35:58.947 GMT+0500,1.1624700000000001,1.1620700000000002,3.6,0.9
17.11.2025 03:35:59.855 GMT+0500,1.16246,1.16209,3.6,0.94
17.11.2025 03:35:59.907 GMT+0500,1.1624100000000002,1.16208,3.6,0.94
17.11.2025 03:36:00.362 GMT+0500,1.1624,1.16208,3.6,0.9
17.11.2025 03:36:01.921 GMT+0500,1.1624,1.16206,3.6,0.94
17.11.2025 03:36:05.035 GMT+0500,1.1624,1.16204,3.6,1.34
17.11.2025 03:36:14.023 GMT+0500,1.1624,1.16206,3.6,0.94
17.11.2025 03:36:15.332 GMT+0500,1.1624,1.16205,3.6,0.94
17.11.2025 03:36:16.290 GMT+0500,1.1624,1.16206,3.6,0.94
17.11.2025 03:36:17.498 GMT+0500,1.1624200000000002,1.16205,3.6,0.94
17.11.2025 03:36:18.155 GMT+0500,1.1624200000000002,1.16206,3.6,0.94
17.11.2025 03:36:24.289 GMT+0500,1.1624200000000002,1.16205,3.6,0.94
17.11.2025 03:36:25.295 GMT+0500,1.1624100000000002,1.16205,3.6,0.94
17.11.2025 03:36:25.602 GMT+0500,1.1624100000000002,1.16206,3.6,0.94
17.11.2025 03:36:27.484 GMT+0500,1.1623700000000001,1.16206,0.9,0.94
17.11.2025 03:36:29.321 GMT+0500,1.16238,1.16203,3.6,0.94
17.11.2025 03:36:33.639 GMT+0500,1.16238,1.16204,3.6,0.94
17.11.2025 03:37:04.061 GMT+0500,1.16245,1.16204,4.95,1.84
17.11.2025 03:37:04.114 GMT+0500,1.16245,1.16206,4.5,0.45
17.11.2025 03:37:04.269 GMT+0500,1.1624700000000001,1.16206,0.9,1.35
17.11.2025 03:37:04.881 GMT+0500,1.16245,1.16206,0.45,0.45
17.11.2025 03:37:04.986 GMT+0500,1.16246,1.16206,0.45,1.35
17.11.2025 03:37:08.310 GMT+0500,1.16246,1.1620700000000002,1.8,0.9
17.11.2025 03:37:09.423 GMT+0500,1.1624700000000001,1.1620700000000002,1.8,0.45
17.11.2025 03:37:09.579 GMT+0500,1.16245,1.16208,0.45,0.45
17.11.2025 03:37:09.682 GMT+0500,1.16245,1.1620700000000002,4.5,0.45
17.11.2025 03:37:10.394 GMT+0500,1.16243,1.16208,4.5,0.45
17.11.2025 03:37:10.648 GMT+0500,1.16243,1.1620700000000002,4.5,0.45
17.11.2025 03:37:11.810 GMT+0500,1.16238,1.16208,3.6,0.45
17.11.2025 03:37:16.091 GMT+0500,1.16239,1.16205,3.6,0.94
17.11.2025 03:37:16.347 GMT+0500,1.16239,1.16204,3.6,0.94
17.11.2025 03:37:25.511 GMT+0500,1.16238,1.16204,3.6,0.94
17.11.2025 03:37:26.620 GMT+0500,1.1624,1.16204,3.6,1.84
17.11.2025 03:37:39.727 GMT+0500,1.1624,1.16205,8.1,0.94
17.11.2025 03:37:39.780 GMT+0500,1.1623700000000001,1.16204,3.6,0.94
17.11.2025 03:37:48.886 GMT+0500,1.1624100000000002,1.16204,3.6,0.94
17.11.2025 03:37:49.745 GMT+0500,1.1624100000000002,1.16203,3.6,0.9
17.11.2025 03:37:50.913 GMT+0500,1.16236,1.16204,3.6,1.84
17.11.2025 03:37:53.931 GMT+0500,1.16236,1.16205,3.6,0.94
17.11.2025 03:37:57.555 GMT+0500,1.16235,1.16205,0.45,0.94
17.11.2025 03:37:57.659 GMT+0500,1.1624,1.16205,3.6,0.94
17.11.2025 03:37:58.621 GMT+0500,1.1624100000000002,1.16203,3.6,2.74
17.11.2025 03:37:59.681 GMT+0500,1.1624,1.16205,3.6,0.9
17.11.2025 03:37:59.733 GMT+0500,1.1623700000000001,1.16204,3.6,0.94
17.11.2025 03:38:01.949 GMT+0500,1.1623700000000001,1.16205,3.6,0.94
17.11.2025 03:38:02.104 GMT+0500,1.16238,1.16205,3.6,0.94
17.11.2025 03:38:02.207 GMT+0500,1.16238,1.16204,3.6,0.94
17.11.2025 03:38:06.892 GMT+0500,1.16239,1.16204,3.6,0.94
17.11.2025 03:38:07.753 GMT+0500,1.16239,1.16203,3.6,2.74
17.11.2025 03:38:17.602 GMT+0500,1.16238,1.16205,3.6,0.94
17.11.2025 03:38:34.587 GMT+0500,1.16236,1.16204,3.6,0.94
17.11.2025 03:38:36.703 GMT+0500,1.16236,1.16205,3.6,0.94
17.11.2025 03:38:44.396 GMT+0500,1.1623700000000001,1.16205,3.6,0.94
17.11.2025 03:38:49.825 GMT+0500,1.1623700000000001,1.16204,3.6,0.94
17.11.2025 03:39:14.020 GMT+0500,1.16236,1.16204,3.6,2.74
17.11.2025 03:39:36.737 GMT+0500,1.1624,1.16204,4.5,2.74
17.11.2025 03:40:03.479 GMT+0500,1.1624,1.16204,4.5,0.94
17.11.2025 03:40:06.244 GMT+0500,1.1624100000000002,1.16203,4.5,2.74
17.11.2025 03:41:06.235 GMT+0500,1.16245,1.16204,0.9,0.9
17.11.2025 03:41:11.907 GMT+0500,1.1624,1.16203,4.5,0.9
17.11.2025 03:41:19.044 GMT+0500,1.1624,1.16202,4.5,1.8
17.11.2025 03:41:19.147 GMT+0500,1.16235,1.16203,3.6,1.8
17.11.2025 03:41:21.808 GMT+0500,1.16235,1.16204,3.6,0.9
17.11.2025 03:41:21.961 GMT+0500,1.16235,1.16205,3.6,0.94
17.11.2025 03:41:31.158 GMT+0500,1.16236,1.16205,3.6,0.94
17.11.2025 03:41:31.712 GMT+0500,1.16235,1.16205,3.6,0.94
17.11.2025 03:41:31.764 GMT+0500,1.16238,1.16204,3.6,0.94
17.11.2025 03:42:13.706 GMT+0500,1.1623700000000001,1.16204,3.6,0.94
17.11.2025 03:42:13.808 GMT+0500,1.16236,1.16203,3.6,0.94
17.11.2025 03:42:16.420 GMT+0500,1.16235,1.16205,3.6,0.94
17.11.2025 03:42:18.881 GMT+0500,1.16236,1.16202,3.6,1.35
17.11.2025 03:42:18.984 GMT+0500,1.16236,1.16203,3.6,0.9
17.11.2025 03:42:19.036 GMT+0500,1.16239,1.16203,6.3,0.9
17.11.2025 03:42:21.399 GMT+0500,1.16239,1.16202,1.8,1.35
17.11.2025 03:42:21.451 GMT+0500,1.16236,1.16202,3.6,1.35
17.11.2025 03:42:21.553 GMT+0500,1.1623700000000001,1.16202,3.6,1.35
17.11.2025 03:42:34.674 GMT+0500,1.1623700000000001,1.16205,3.6,0.94
17.11.2025 03:42:34.727 GMT+0500,1.16238,1.16204,6.3,0.9
17.11.2025 03:42:36.740 GMT+0500,1.1623700000000001,1.16202,1.8,1.35
17.11.2025 03:42:36.843 GMT+0500,1.16234,1.16203,3.6,1.35
17.11.2025 03:42:46.043 GMT+0500,1.16235,1.16205,3.6,0.9
17.11.2025 03:42:46.096 GMT+0500,1.16235,1.16202,3.6,1.35
17.11.2025 03:42:50.035 GMT+0500,1.16234,1.16206,3.6,0.9
17.11.2025 03:42:50.138 GMT+0500,1.16236,1.16206,1.8,0.9
17.11.2025 03:42:51.144 GMT+0500,1.16238,1.16205,0.9,0.9
17.11.2025 03:42:51.247 GMT+0500,1.1624,1.16204,4.5,0.9
17.11.2025 03:42:51.399 GMT+0500,1.1624100000000002,1.16204,4.5,0.9
17.11.2025 03:43:08.383 GMT+0500,1.16239,1.16205,4.5,0.9
17.11.2025 03:43:08.589 GMT+0500,1.1624,1.16205,4.5,0.9
17.11.2025 03:43:08.641 GMT+0500,1.1624200000000002,1.16205,6.3,0.9
17.11.2025 03:43:08.743 GMT+0500,1.1624200000000002,1.16203,6.3,0.9
17.11.2025 03:43:08.795 GMT+0500,1.1624100000000002,1.16206,6.3,0.9
17.11.2025 03:43:08.949 GMT+0500,1.1624200000000002,1.16204,6.3,0.9
17.11.2025 03:43:09.151 GMT+0500,1.16239,1.16205,4.5,0.9
17.11.2025 03:43:09.405 GMT+0500,1.1624,1.16205,4.5,0.9
17.11.2025 03:43:11.719 GMT+0500,1.16238,1.16205,4.5,0.9
17.11.2025 03:43:11.972 GMT+0500,1.1624200000000002,1.16205,2.25,0.9
17.11.2025 03:43:12.124 GMT+0500,1.1624100000000002,1.16205,0.45,0.9
17.11.2025 03:43:12.226 GMT+0500,1.1624,1.16204,4.5,0.9
17.11.2025 03:43:12.581 GMT+0500,1.1624,1.16203,1.8,1.8
17.11.2025 03:43:14.695 GMT+0500,1.16238,1.16204,0.9,1.8
17.11.2025 03:43:18.461 GMT+0500,1.1623700000000001,1.16204,3.6,1.8
17.11.2025 03:43:20.721 GMT+0500,1.16233,1.16203,3.6,0.9
17.11.2025 03:43:23.592 GMT+0500,1.16233,1.16204,3.6,0.9
17.11.2025 03:43:27.165 GMT+0500,1.16236,1.16204,3.6,0.9
17.11.2025 03:43:27.369 GMT+0500,1.16236,1.16205,3.6,0.9
17.11.2025 03:43:28.026 GMT+0500,1.1623700000000001,1.1620700000000002,3.6,1.84
17.11.2025 03:43:28.130 GMT+0500,1.16236,1.16206,3.6,0.94
17.11.2025 03:43:28.434 GMT+0500,1.16236,1.16205,3.6,0.9
17.11.2025 03:43:28.890 GMT+0500,1.16236,1.16206,3.6,0.94
17.11.2025 03:43:30.047 GMT+0500,1.1623700000000001,1.1620700000000002,3.6,0.9
17.11.2025 03:43:30.151 GMT+0500,1.16238,1.16206,1.8,0.9
17.11.2025 03:43:52.725 GMT+0500,1.1623700000000001,1.16206,1.8,0.9
17.11.2025 03:44:30.141 GMT+0500,1.16239,1.16205,9.9,0.9
17.11.2025 03:44:51.319 GMT+0500,1.16239,1.16203,1.8,0.9
17.11.2025 03:44:56.901 GMT+0500,1.16236,1.16204,3.6,0.9
17.11.2025 03:44:59.415 GMT+0500,1.16236,1.16203,1.8,0.9
17.11.2025 03:44:59.519 GMT+0500,1.16233,1.16203,3.6,0.9
17.11.2025 03:44:59.570 GMT+0500,1.16235,1.16203,3.6,0.9
17.11.2025 03:44:59.875 GMT+0500,1.16233,1.16204,3.6,0.9
17.11.2025 03:45:30.705 GMT+0500,1.16228,1.16212,1.8,0.94
17.11.2025 03:45:30.809 GMT+0500,1.16234,1.16203,3.6,0.9
17.11.2025 03:45:30.912 GMT+0500,1.1623700000000001,1.16203,4.5,0.9
17.11.2025 03:45:31.015 GMT+0500,1.16238,1.16203,1.8,0.9
17.11.2025 03:45:34.784 GMT+0500,1.16236,1.16203,3.6,0.9
17.11.2025 03:45:55.487 GMT+0500,1.1623700000000001,1.16204,6.75,0.9
17.11.2025 03:45:57.500 GMT+0500,1.1623700000000001,1.16203,6.75,0.45
17.11.2025 03:45:59.311 GMT+0500,1.16235,1.16203,1.35,0.45
17.11.2025 03:46:00.727 GMT+0500,1.16236,1.16201,1.8,0.9
17.11.2025 03:46:00.830 GMT+0500,1.16234,1.16201,3.6,0.9
17.11.2025 03:46:00.983 GMT+0500,1.16234,1.16202,3.6,0.9
17.11.2025 03:46:16.008 GMT+0500,1.16235,1.16202,3.6,0.9
17.11.2025 03:46:36.301 GMT+0500,1.16234,1.16202,3.6,0.9
17.11.2025 03:46:51.432 GMT+0500,1.16235,1.16202,3.6,0.9
17.11.2025 03:46:51.536 GMT+0500,1.1623700000000001,1.16203,1.8,0.9
17.11.2025 03:46:52.395 GMT+0500,1.1624,1.16204,1.8,0.9
17.11.2025 03:46:55.068 GMT+0500,1.16236,1.16202,0.45,0.45
17.11.2025 03:46:59.152 GMT+0500,1.16234,1.16202,0.45,0.45
17.11.2025 03:47:19.308 GMT+0500,1.16232,1.16201,0.45,0.45
17.11.2025 03:47:22.280 GMT+0500,1.16233,1.16199,2.25,4.14
17.11.2025 03:47:24.394 GMT+0500,1.1623,1.1620000000000001,0.12,5.89
17.11.2025 03:47:26.708 GMT+0500,1.1623,1.16202,0.12,0.9
17.11.2025 03:47:29.125 GMT+0500,1.16228,1.16203,0.12,0.45
17.11.2025 03:47:29.229 GMT+0500,1.16222,1.16204,0.9,0.45
17.11.2025 03:47:34.719 GMT+0500,1.16219,1.16204,0.9,0.45
17.11.2025 03:47:35.126 GMT+0500,1.16222,1.16204,0.9,0.45
17.11.2025 03:47:42.437 GMT+0500,1.1623100000000002,1.16215,0.45,3.6
17.11.2025 03:47:42.491 GMT+0500,1.1623700000000001,1.16215,5.49,3.6
17.11.2025 03:47:42.897 GMT+0500,1.16234,1.16216,0.12,9.9
17.11.2025 03:47:43.457 GMT+0500,1.16236,1.16216,0.99,9.9
17.11.2025 03:47:49.504 GMT+0500,1.16234,1.16216,0.12,9.9
17.11.2025 03:47:49.557 GMT+0500,1.1623700000000001,1.16215,0.99,9.9
17.11.2025 03:47:49.610 GMT+0500,1.16235,1.16214,0.9,0.45
17.11.2025 03:47:50.119 GMT+0500,1.1623700000000001,1.1621299999999999,0.99,0.45
17.11.2025 03:48:51.472 GMT+0500,1.16239,1.1621299999999999,1.8,1.35
17.11.2025 03:48:52.782 GMT+0500,1.1623700000000001,1.16214,1.8,1.35
17.11.2025 03:48:57.609 GMT+0500,1.16239,1.16214,0.12,1.35
17.11.2025 03:49:08.667 GMT+0500,1.16239,1.16215,0.12,0.9
17.11.2025 03:49:11.093 GMT+0500,1.1624,1.16216,0.12,0.9
17.11.2025 03:49:11.196 GMT+0500,1.1624,1.1621299999999999,0.12,1.35
17.11.2025 03:49:40.796 GMT+0500,1.16239,1.1621700000000001,0.12,0.9
17.11.2025 03:49:41.249 GMT+0500,1.16239,1.16214,0.12,1.35
17.11.2025 03:49:41.302 GMT+0500,1.1624,1.16215,0.12,0.9
17.11.2025 03:49:56.753 GMT+0500,1.16238,1.16216,3.6,0.9
17.11.2025 03:49:56.855 GMT+0500,1.16239,1.1621299999999999,3.6,1.35
17.11.2025 03:49:56.907 GMT+0500,1.16239,1.16216,3.6,0.9
17.11.2025 03:49:58.470 GMT+0500,1.1624100000000002,1.1621299999999999,5.4,1.35
17.11.2025 03:50:00.440 GMT+0500,1.16239,1.1621700000000001,1.8,0.9
17.11.2025 03:50:00.844 GMT+0500,1.16239,1.16216,1.8,0.9
17.11.2025 03:50:00.947 GMT+0500,1.16239,1.16214,1.8,1.35
17.11.2025 03:50:00.999 GMT+0500,1.1624,1.16215,1.8,0.9
17.11.2025 03:50:02.057 GMT+0500,1.16239,1.16215,0.9,0.9
17.11.2025 03:50:02.160 GMT+0500,1.1623700000000001,1.16216,1.8,0.9
17.11.2025 03:50:02.313 GMT+0500,1.16239,1.16216,1.8,1.84
17.11.2025 03:50:02.366 GMT+0500,1.1624200000000002,1.16215,1.8,0.9
17.11.2025 03:50:12.370 GMT+0500,1.1624100000000002,1.16215,1.8,0.9
17.11.2025 03:50:14.230 GMT+0500,1.1623100000000002,1.16214,0.9,0.9
17.11.2025 03:50:14.284 GMT+0500,1.16236,1.1621299999999999,0.12,1.84
17.11.2025 03:50:14.337 GMT+0500,1.16236,1.1621000000000001,0.12,1.35
17.11.2025 03:50:14.390 GMT+0500,1.16226,1.1621100000000002,1.8,1.84
17.11.2025 03:50:14.442 GMT+0500,1.1623700000000001,1.1621000000000001,0.12,0.9
17.11.2025 03:50:14.546 GMT+0500,1.1622700000000001,1.1621000000000001,1.8,0.94
17.11.2025 03:50:14.751 GMT+0500,1.1623700000000001,1.16209,0.12,0.9
17.11.2025 03:50:14.803 GMT+0500,1.16236,1.16212,0.12,0.9
17.11.2025 03:50:14.906 GMT+0500,1.1623700000000001,1.1621000000000001,0.12,0.9
17.11.2025 03:50:15.261 GMT+0500,1.16234,1.1621100000000002,0.12,0.9
17.11.2025 03:50:16.270 GMT+0500,1.16238,1.16212,0.12,0.9
17.11.2025 03:50:16.374 GMT+0500,1.16236,1.1621299999999999,0.12,0.9
17.11.2025 03:50:20.554 GMT+0500,1.1623700000000001,1.1621100000000002,1.89,0.9
17.11.2025 03:50:26.442 GMT+0500,1.16224,1.16212,1.8,0.9
17.11.2025 03:50:27.452 GMT+0500,1.16225,1.16212,1.8,0.9
17.11.2025 03:50:27.504 GMT+0500,1.16226,1.16209,1.8,1.84
17.11.2025 03:50:29.670 GMT+0500,1.16226,1.1621000000000001,1.8,0.9
17.11.2025 03:50:29.723 GMT+0500,1.16233,1.16209,1.8,0.9
17.11.2025 03:50:30.432 GMT+0500,1.16235,1.16209,3.6,0.9
17.11.2025 03:50:30.485 GMT+0500,1.1623700000000001,1.1621000000000001,0.12,0.9
17.11.2025 03:50:30.589 GMT+0500,1.16238,1.1621000000000001,0.12,0.94
17.11.2025 03:50:30.944 GMT+0500,1.16238,1.16212,1.89,0.94
17.11.2025 03:50:31.452 GMT+0500,1.16238,1.1621100000000002,1.89,0.94
17.11.2025 03:50:31.606 GMT+0500,1.16226,1.1621000000000001,1.8,0.9
17.11.2025 03:50:31.659 GMT+0500,1.16236,1.16212,1.8,0.94
17.11.2025 03:50:31.915 GMT+0500,1.1623700000000001,1.16212,1.8,0.94
17.11.2025 03:50:32.321 GMT+0500,1.16236,1.16214,1.8,0.94
17.11.2025 03:50:32.373 GMT+0500,1.16226,1.1621100000000002,1.8,0.9
17.11.2025 03:50:32.426 GMT+0500,1.16228,1.1621100000000002,0.45,0.9
17.11.2025 03:50:32.478 GMT+0500,1.1623700000000001,1.1621100000000002,0.12,0.9
17.11.2025 03:50:32.532 GMT+0500,1.16224,1.1621000000000001,1.8,0.9
17.11.2025 03:50:33.442 GMT+0500,1.1622700000000001,1.1620700000000002,0.45,0.9
17.11.2025 03:50:33.495 GMT+0500,1.16232,1.16209,1.8,0.9
17.11.2025 03:50:34.454 GMT+0500,1.16233,1.16209,0.12,0.9
17.11.2025 03:50:36.117 GMT+0500,1.16234,1.1620700000000002,0.12,0.9
17.11.2025 03:50:36.471 GMT+0500,1.16234,1.16209,5.4,0.9
17.11.2025 03:50:37.427 GMT+0500,1.16226,1.16209,0.9,0.9
17.11.2025 03:50:37.531 GMT+0500,1.16226,1.1620700000000002,1.8,1.84
17.11.2025 03:50:37.584 GMT+0500,1.16233,1.16208,0.12,0.9
17.11.2025 03:50:38.142 GMT+0500,1.16234,1.16208,0.12,0.9
17.11.2025 03:50:40.456 GMT+0500,1.16235,1.16209,5.4,0.9
17.11.2025 03:50:40.711 GMT+0500,1.16224,1.1621000000000001,1.8,0.9
17.11.2025 03:50:40.965 GMT+0500,1.16224,1.16209,1.8,1.84
17.11.2025 03:50:41.471 GMT+0500,1.16232,1.16209,1.8,0.9
17.11.2025 03:50:42.332 GMT+0500,1.16234,1.16208,0.12,0.9
17.11.2025 03:50:44.446 GMT+0500,1.1622299999999999,1.16209,1.8,1.84
17.11.2025 03:50:45.458 GMT+0500,1.16232,1.1620700000000002,4.5,0.9
17.11.2025 03:50:45.713 GMT+0500,1.16233,1.1620700000000002,1.8,0.9
17.11.2025 03:50:46.722 GMT+0500,1.16233,1.16209,0.12,0.9
17.11.2025 03:50:47.984 GMT+0500,1.16218,1.16204,0.9,0.45
17.11.2025 03:50:48.037 GMT+0500,1.1622000000000001,1.16202,0.45,4.5
17.11.2025 03:50:48.089 GMT+0500,1.16228,1.16202,0.12,4.5
17.11.2025 03:50:48.193 GMT+0500,1.1623,1.16201,0.9,4.5
17.11.2025 03:50:48.247 GMT+0500,1.1623,1.16198,0.9,0.45
17.11.2025 03:50:48.350 GMT+0500,1.16232,1.16198,0.99,0.45
17.11.2025 03:50:48.403 GMT+0500,1.1622000000000001,1.1620000000000001,1.8,0.94
17.11.2025 03:50:48.455 GMT+0500,1.1623,1.16199,0.99,0.45
17.11.2025 03:50:48.508 GMT+0500,1.16222,1.16199,0.45,0.45
17.11.2025 03:50:48.613 GMT+0500,1.1622299999999999,1.1619700000000002,0.45,0.45
17.11.2025 03:50:48.666 GMT+0500,1.1622000000000001,1.16195,0.9,0.45
17.11.2025 03:50:48.770 GMT+0500,1.1622000000000001,1.16194,0.9,0.45
17.11.2025 03:50:48.874 GMT+0500,1.16216,1.1620000000000001,1.8,0.94
17.11.2025 03:50:49.434 GMT+0500,1.16219,1.1620000000000001,1.8,0.94
17.11.2025 03:50:49.486 GMT+0500,1.1621700000000001,1.16199,1.8,0.94
17.11.2025 03:50:49.993 GMT+0500,1.16219,1.16198,1.8,0.94
17.11.2025 03:50:52.517 GMT+0500,1.16219,1.1620000000000001,1.8,0.94
17.11.2025 03:50:52.722 GMT+0500,1.1621700000000001,1.16199,1.8,0.94
17.11.2025 03:50:53.532 GMT+0500,1.16218,1.1619700000000002,1.8,0.94
17.11.2025 03:50:53.585 GMT+0500,1.16219,1.16199,1.8,0.94
17.11.2025 03:50:55.754 GMT+0500,1.16219,1.1620000000000001,1.8,0.94
17.11.2025 03:50:55.858 GMT+0500,1.1622100000000002,1.1620000000000001,1.8,0.94
17.11.2025 03:50:59.201 GMT+0500,1.16219,1.16199,1.8,0.94
17.11.2025 03:50:59.304 GMT+0500,1.16222,1.16199,1.8,0.94
17.11.2025 03:51:00.263 GMT+0500,1.1622000000000001,1.16198,1.8,0.94
17.11.2025 03:51:00.368 GMT+0500,1.16222,1.16192,1.8,4.5
17.11.2025 03:51:00.522 GMT+0500,1.1622100000000002,1.16192,1.8,0.45
17.11.2025 03:51:02.387 GMT+0500,1.16222,1.16192,1.8,0.45
17.11.2025 03:51:02.440 GMT+0500,1.16216,1.1619700000000002,1.8,0.94
17.11.2025 03:51:05.057 GMT+0500,1.16219,1.1619700000000002,0.45,0.94
17.11.2025 03:51:05.161 GMT+0500,1.1622000000000001,1.1619700000000002,1.8,0.94
17.11.2025 03:51:08.935 GMT+0500,1.1621700000000001,1.16196,1.8,0.94
17.11.2025 03:51:08.988 GMT+0500,1.16224,1.16192,1.8,0.45
17.11.2025 03:51:11.308 GMT+0500,1.16215,1.16193,1.8,0.94
17.11.2025 03:51:11.413 GMT+0500,1.16218,1.16199,2.25,0.94
17.11.2025 03:51:11.882 GMT+0500,1.1621700000000001,1.16201,1.8,0.94
17.11.2025 03:51:11.987 GMT+0500,1.16219,1.16199,1.8,0.94
17.11.2025 03:51:12.041 GMT+0500,1.16222,1.16196,2.25,0.45
17.11.2025 03:51:12.094 GMT+0500,1.16222,1.16192,1.8,4.5
17.11.2025 03:51:12.148 GMT+0500,1.16232,1.1619000000000002,0.12,0.45
17.11.2025 03:51:13.105 GMT+0500,1.16222,1.1619000000000002,1.8,0.45
17.11.2025 03:51:13.158 GMT+0500,1.16224,1.16191,0.45,0.45
17.11.2025 03:51:13.210 GMT+0500,1.16232,1.1619000000000002,0.12,0.45
17.11.2025 03:51:13.262 GMT+0500,1.16228,1.16191,1.8,0.45
17.11.2025 03:51:13.366 GMT+0500,1.1622100000000002,1.16191,1.8,0.94
17.11.2025 03:51:13.521 GMT+0500,1.16229,1.1619000000000002,1.8,0.45
17.11.2025 03:51:13.574 GMT+0500,1.1622100000000002,1.16191,1.8,0.94
17.11.2025 03:51:15.589 GMT+0500,1.1621700000000001,1.16192,1.8,0.94
17.11.2025 03:51:16.798 GMT+0500,1.16219,1.16191,0.45,0.45
17.11.2025 03:51:16.850 GMT+0500,1.1622299999999999,1.16191,1.8,0.45
17.11.2025 03:51:16.903 GMT+0500,1.16226,1.16191,4.5,0.45
17.11.2025 03:51:17.056 GMT+0500,1.1623100000000002,1.1619000000000002,0.9,0.45
17.11.2025 03:51:17.913 GMT+0500,1.1622700000000001,1.16191,1.8,0.45
17.11.2025 03:51:19.272 GMT+0500,1.16218,1.16192,1.8,0.94
17.11.2025 03:51:21.235 GMT+0500,1.16218,1.16198,0.9,0.9
17.11.2025 03:51:21.289 GMT+0500,1.16225,1.16203,1.8,0.94
17.11.2025 03:51:21.342 GMT+0500,1.16228,1.16192,4.5,3.6
17.11.2025 03:51:21.497 GMT+0500,1.1622700000000001,1.16202,1.8,0.94
17.11.2025 03:51:21.550 GMT+0500,1.16233,1.16193,0.9,4.5
17.11.2025 03:51:21.753 GMT+0500,1.16235,1.16191,0.99,3.6
17.11.2025 03:51:21.907 GMT+0500,1.16233,1.16192,0.9,3.6
17.11.2025 03:51:22.110 GMT+0500,1.16226,1.16203,1.8,0.94
17.11.2025 03:51:26.032 GMT+0500,1.16225,1.16203,1.8,0.94
17.11.2025 03:51:26.688 GMT+0500,1.16224,1.16201,1.8,0.94
17.11.2025 03:51:26.740 GMT+0500,1.1622700000000001,1.16201,1.8,0.94
17.11.2025 03:51:26.792 GMT+0500,1.16228,1.16201,1.8,0.94
17.11.2025 03:51:26.896 GMT+0500,1.1622700000000001,1.16199,1.8,0.94
17.11.2025 03:51:30.723 GMT+0500,1.16233,1.16191,0.9,4.5
17.11.2025 03:51:30.776 GMT+0500,1.1623,1.16191,0.9,4.5
17.11.2025 03:51:30.981 GMT+0500,1.1623,1.16189,0.9,3.6
17.11.2025 03:51:34.149 GMT+0500,1.1623,1.1619000000000002,0.9,3.6
17.11.2025 03:51:34.302 GMT+0500,1.16234,1.16189,0.12,3.6
17.11.2025 03:51:35.712 GMT+0500,1.16232,1.16193,0.12,0.94
17.11.2025 03:51:37.479 GMT+0500,1.16226,1.16203,1.8,0.94
17.11.2025 03:51:40.144 GMT+0500,1.1622700000000001,1.16203,1.8,0.94
17.11.2025 03:51:49.487 GMT+0500,1.16224,1.16201,1.8,0.94
17.11.2025 03:51:49.540 GMT+0500,1.16228,1.16202,2.25,0.94
17.11.2025 03:51:50.501 GMT+0500,1.16225,1.16202,1.8,0.94
17.11.2025 03:51:50.553 GMT+0500,1.16228,1.16202,1.8,0.94
17.11.2025 03:51:52.418 GMT+0500,1.1623100000000002,1.16199,0.45,0.45
17.11.2025 03:51:52.470 GMT+0500,1.16232,1.16193,0.12,4.5
17.11.2025 03:51:52.675 GMT+0500,1.1623100000000002,1.16189,0.12,3.6
17.11.2025 03:51:54.140 GMT+0500,1.1623,1.16189,0.45,3.6
17.11.2025 03:51:55.703 GMT+0500,1.1623100000000002,1.16192,0.45,0.94
17.11.2025 03:51:55.807 GMT+0500,1.16229,1.16195,0.45,3.6
17.11.2025 03:51:55.960 GMT+0500,1.16229,1.16194,0.45,3.6
17.11.2025 03:52:00.445 GMT+0500,1.1622700000000001,1.16194,0.45,3.6
17.11.2025 03:52:01.304 GMT+0500,1.16222,1.16198,0.9,0.9
17.11.2025 03:52:01.358 GMT+0500,1.16225,1.16193,2.25,3.6
17.11.2025 03:52:01.411 GMT+0500,1.1622299999999999,1.16184,0.45,7.2
17.11.2025 03:52:01.871 GMT+0500,1.16224,1.16184,0.45,0.94
17.11.2025 03:52:01.924 GMT+0500,1.16224,1.1618600000000001,0.45,3.6
17.11.2025 03:52:02.531 GMT+0500,1.1622299999999999,1.16191,0.45,0.45
17.11.2025 03:52:02.585 GMT+0500,1.16228,1.16194,0.54,0.45
17.11.2025 03:52:02.637 GMT+0500,1.16228,1.1618600000000001,0.12,3.6
17.11.2025 03:52:04.713 GMT+0500,1.16226,1.16204,1.8,0.94
17.11.2025 03:52:06.277 GMT+0500,1.1622700000000001,1.1619700000000002,0.45,0.45
17.11.2025 03:52:06.331 GMT+0500,1.16228,1.16194,0.45,4.5
17.11.2025 03:52:06.535 GMT+0500,1.16228,1.1619000000000002,0.45,3.6
17.11.2025 03:52:06.840 GMT+0500,1.16229,1.1619000000000002,0.12,3.6
17.11.2025 03:52:06.944 GMT+0500,1.16228,1.16199,1.8,0.94
17.11.2025 03:52:10.317 GMT+0500,1.16228,1.16192,0.12,4.5
17.11.2025 03:52:10.571 GMT+0500,1.16229,1.16189,0.12,3.6
17.11.2025 03:52:11.735 GMT+0500,1.16229,1.16194,0.12,0.9
17.11.2025 03:52:11.787 GMT+0500,1.16229,1.16192,0.12,0.94
17.11.2025 03:52:11.839 GMT+0500,1.16229,1.16194,0.12,1.8
17.11.2025 03:52:11.942 GMT+0500,1.16229,1.16192,0.12,4.54
17.11.2025 03:52:12.702 GMT+0500,1.16228,1.16194,0.12,4.5
17.11.2025 03:52:12.957 GMT+0500,1.16228,1.16191,0.12,4.54
17.11.2025 03:52:13.009 GMT+0500,1.16225,1.1620000000000001,1.8,0.94
17.11.2025 03:52:13.338 GMT+0500,1.16224,1.16202,1.8,0.94
17.11.2025 03:52:13.442 GMT+0500,1.16226,1.16202,1.8,0.94
17.11.2025 03:52:13.899 GMT+0500,1.16228,1.1620000000000001,0.54,0.45
17.11.2025 03:52:13.951 GMT+0500,1.16228,1.16194,0.12,4.5
17.11.2025 03:52:14.004 GMT+0500,1.16228,1.16201,1.89,0.94
17.11.2025 03:52:14.057 GMT+0500,1.16228,1.16196,0.45,0.45
17.11.2025 03:52:14.110 GMT+0500,1.16228,1.16194,0.12,4.5
17.11.2025 03:52:14.163 GMT+0500,1.16224,1.16202,1.8,0.94
17.11.2025 03:52:14.215 GMT+0500,1.1622700000000001,1.16198,0.45,0.45
17.11.2025 03:52:14.268 GMT+0500,1.16226,1.16191,0.45,3.6
17.11.2025 03:52:14.423 GMT+0500,1.16224,1.16191,0.45,3.6
17.11.2025 03:52:14.527 GMT+0500,1.16226,1.16191,2.25,1.8
17.11.2025 03:52:14.630 GMT+0500,1.1622700000000001,1.16189,1.8,3.6
17.11.2025 03:52:14.734 GMT+0500,1.16225,1.1620000000000001,1.8,0.94
17.11.2025 03:52:14.787 GMT+0500,1.16228,1.16196,0.45,0.45
17.11.2025 03:52:14.838 GMT+0500,1.1622700000000001,1.1619000000000002,0.45,3.6
17.11.2025 03:52:15.548 GMT+0500,1.16222,1.1619700000000002,2.25,0.94
17.11.2025 03:52:15.600 GMT+0500,1.16222,1.16189,0.45,3.6
17.11.2025 03:52:15.703 GMT+0500,1.1622100000000002,1.16189,0.45,0.94
17.11.2025 03:52:15.908 GMT+0500,1.16224,1.16196,1.8,0.94
17.11.2025 03:52:16.011 GMT+0500,1.1622299999999999,1.1620000000000001,1.8,0.94
17.11.2025 03:52:16.922 GMT+0500,1.1622700000000001,1.16188,0.45,3.6
17.11.2025 03:52:17.934 GMT+0500,1.16226,1.16198,1.8,0.94
17.11.2025 03:52:19.297 GMT+0500,1.16228,1.16189,0.12,4.5
17.11.2025 03:52:19.452 GMT+0500,1.16225,1.1619700000000002,1.8,0.94
17.11.2025 03:52:19.505 GMT+0500,1.16228,1.16195,2.34,0.45
17.11.2025 03:52:19.557 GMT+0500,1.16225,1.16198,1.8,0.94
17.11.2025 03:52:19.609 GMT+0500,1.16228,1.16195,2.34,0.45
17.11.2025 03:52:19.662 GMT+0500,1.16228,1.16188,0.12,3.6
17.11.2025 03:52:19.867 GMT+0500,1.16225,1.16198,1.8,0.94
17.11.2025 03:52:19.970 GMT+0500,1.16229,1.1618700000000002,0.12,3.6
17.11.2025 03:52:20.023 GMT+0500,1.16226,1.16199,1.8,0.94
17.11.2025 03:52:20.630 GMT+0500,1.16226,1.1618700000000002,0.45,3.6
17.11.2025 03:52:20.784 GMT+0500,1.16224,1.16188,0.45,3.6
17.11.2025 03:52:21.443 GMT+0500,1.16228,1.1618700000000002,1.8,3.6
17.11.2025 03:52:21.496 GMT+0500,1.16229,1.16195,0.54,0.45
17.11.2025 03:52:21.548 GMT+0500,1.16228,1.16189,0.12,4.5
17.11.2025 03:52:21.750 GMT+0500,1.16228,1.16188,0.12,3.6
17.11.2025 03:52:23.312 GMT+0500,1.16225,1.16198,1.8,0.94
17.11.2025 03:52:23.415 GMT+0500,1.1622299999999999,1.16188,0.45,3.6
17.11.2025 03:52:23.571 GMT+0500,1.16224,1.16185,0.45,3.6
17.11.2025 03:52:24.179 GMT+0500,1.16224,1.16196,2.25,0.94
17.11.2025 03:52:24.231 GMT+0500,1.16224,1.16193,0.45,0.45
17.11.2025 03:52:24.283 GMT+0500,1.16224,1.16185,0.45,3.6
17.11.2025 03:52:25.601 GMT+0500,1.16224,1.16196,1.8,1.84
17.11.2025 03:52:25.705 GMT+0500,1.16228,1.16185,0.45,3.6
17.11.2025 03:52:29.032 GMT+0500,1.16225,1.16196,1.8,0.94
17.11.2025 03:52:29.085 GMT+0500,1.16225,1.16185,0.45,3.6
17.11.2025 03:52:29.189 GMT+0500,1.16225,1.16184,0.45,3.6
17.11.2025 03:52:30.705 GMT+0500,1.1622299999999999,1.16185,0.45,3.6
17.11.2025 03:52:30.758 GMT+0500,1.16219,1.16184,0.45,3.6
17.11.2025 03:52:30.911 GMT+0500,1.16219,1.16183,0.45,3.6
17.11.2025 03:52:31.522 GMT+0500,1.1622000000000001,1.1619000000000002,0.45,0.9
17.11.2025 03:52:31.628 GMT+0500,1.16224,1.16191,0.45,0.45
17.11.2025 03:52:31.681 GMT+0500,1.16226,1.16184,0.45,4.5
17.11.2025 03:52:31.886 GMT+0500,1.16225,1.16184,0.45,3.6
17.11.2025 03:52:33.703 GMT+0500,1.16226,1.1619000000000002,1.8,0.94
17.11.2025 03:52:38.032 GMT+0500,1.16225,1.16192,1.8,0.94
17.11.2025 03:52:38.085 GMT+0500,1.1622700000000001,1.1619000000000002,2.25,0.45
17.11.2025 03:52:38.136 GMT+0500,1.16228,1.16183,1.8,3.6
17.11.2025 03:52:38.643 GMT+0500,1.16229,1.16183,0.12,3.6
17.11.2025 03:52:39.757 GMT+0500,1.16226,1.1619700000000002,2.25,0.94
17.11.2025 03:52:39.860 GMT+0500,1.16224,1.16199,1.8,0.94
17.11.2025 03:52:39.964 GMT+0500,1.16229,1.1619000000000002,0.12,3.6
17.11.2025 03:52:40.421 GMT+0500,1.1622700000000001,1.16199,2.25,0.94
17.11.2025 03:52:40.474 GMT+0500,1.1622700000000001,1.16195,0.45,0.45
17.11.2025 03:52:40.526 GMT+0500,1.16226,1.1619000000000002,0.45,8.1
17.11.2025 03:52:43.676 GMT+0500,1.1622100000000002,1.16196,1.8,0.94
17.11.2025 03:52:43.781 GMT+0500,1.16224,1.16201,1.8,0.94
17.11.2025 03:52:44.691 GMT+0500,1.16226,1.1619700000000002,1.8,0.94
17.11.2025 03:52:44.744 GMT+0500,1.16225,1.16195,0.45,0.45
17.11.2025 03:52:44.797 GMT+0500,1.1622299999999999,1.16199,1.8,0.94
17.11.2025 03:52:44.849 GMT+0500,1.1622000000000001,1.1619000000000002,1.8,8.1
17.11.2025 03:52:44.953 GMT+0500,1.1622000000000001,1.16181,1.8,1.84
17.11.2025 03:52:45.056 GMT+0500,1.1622100000000002,1.16181,1.8,0.9
17.11.2025 03:52:45.312 GMT+0500,1.16219,1.16182,1.8,0.9
17.11.2025 03:52:45.365 GMT+0500,1.1622100000000002,1.1619000000000002,1.8,0.94
17.11.2025 03:52:45.418 GMT+0500,1.1622299999999999,1.1618600000000001,0.45,0.45
17.11.2025 03:52:45.471 GMT+0500,1.16222,1.16185,0.45,3.6
17.11.2025 03:52:45.827 GMT+0500,1.16222,1.16189,0.45,0.94
17.11.2025 03:52:45.880 GMT+0500,1.1622299999999999,1.16184,0.45,3.6
17.11.2025 03:52:52.664 GMT+0500,1.16219,1.16191,0.9,0.45
17.11.2025 03:52:52.717 GMT+0500,1.1622000000000001,1.16191,0.45,0.45
17.11.2025 03:52:52.769 GMT+0500,1.1622100000000002,1.16184,0.45,3.6
17.11.2025 03:52:52.871 GMT+0500,1.1622100000000002,1.16183,0.45,4.54
17.11.2025 03:52:57.106 GMT+0500,1.16216,1.16188,1.8,0.94
17.11.2025 03:52:57.211 GMT+0500,1.1622100000000002,1.16183,0.45,3.6
17.11.2025 03:52:57.263 GMT+0500,1.1622100000000002,1.16181,0.45,4.54
17.11.2025 03:52:57.772 GMT+0500,1.1622000000000001,1.16183,0.45,0.94
17.11.2025 03:52:57.875 GMT+0500,1.1622000000000001,1.1618700000000002,0.45,5.4
17.11.2025 03:52:58.584 GMT+0500,1.1622100000000002,1.1618700000000002,0.45,0.9
17.11.2025 03:52:59.749 GMT+0500,1.1622000000000001,1.16189,0.45,0.94
17.11.2025 03:52:59.802 GMT+0500,1.1622299999999999,1.1618700000000002,0.45,3.6
17.11.2025 03:53:01.518 GMT+0500,1.1622299999999999,1.1619000000000002,0.45,2.7
17.11.2025 03:53:02.579 GMT+0500,1.1622299999999999,1.1618700000000002,0.45,4.5
17.11.2025 03:53:06.155 GMT+0500,1.16222,1.16191,0.45,0.94
17.11.2025 03:53:06.258 GMT+0500,1.16222,1.16193,0.45,2.7
17.11.2025 03:53:07.472 GMT+0500,1.16228,1.16192,2.25,3.6
17.11.2025 03:53:07.525 GMT+0500,1.1623100000000002,1.16192,0.45,3.6
17.11.2025 03:53:07.632 GMT+0500,1.16229,1.16193,0.12,4.05
17.11.2025 03:53:10.408 GMT+0500,1.1622700000000001,1.16192,1.8,4.05
17.11.2025 03:53:14.035 GMT+0500,1.16226,1.16192,1.8,4.05
17.11.2025 03:53:20.012 GMT+0500,1.16226,1.16193,1.8,4.05
17.11.2025 03:53:22.475 GMT+0500,1.16229,1.16192,0.12,4.05
17.11.2025 03:53:22.580 GMT+0500,1.16229,1.16193,0.12,4.99
17.11.2025 03:53:31.791 GMT+0500,1.1623100000000002,1.16195,0.12,3.6
17.11.2025 03:53:33.708 GMT+0500,1.1623,1.16194,0.12,3.6
17.11.2025 03:53:33.864 GMT+0500,1.16229,1.16194,0.12,3.6
17.11.2025 03:53:41.010 GMT+0500,1.16229,1.16193,0.9,3.6
17.11.2025 03:53:41.114 GMT+0500,1.1623,1.16193,0.12,3.6
17.11.2025 03:53:41.217 GMT+0500,1.1623,1.16192,0.12,3.6
17.11.2025 03:53:54.209 GMT+0500,1.1623,1.16193,0.12,0.9
17.11.2025 03:53:54.869 GMT+0500,1.16229,1.16195,0.12,0.9
17.11.2025 03:53:55.833 GMT+0500,1.16229,1.1619700000000002,0.12,0.45
17.11.2025 03:54:02.677 GMT+0500,1.16232,1.16196,0.12,0.9
17.11.2025 03:54:02.779 GMT+0500,1.16232,1.1619700000000002,0.12,3.6
17.11.2025 03:54:14.148 GMT+0500,1.16232,1.16198,0.12,0.9
17.11.2025 03:54:14.555 GMT+0500,1.16234,1.16203,0.18,0.94
17.11.2025 03:54:14.609 GMT+0500,1.1624100000000002,1.16204,6.3,0.94
17.11.2025 03:54:15.119 GMT+0500,1.16236,1.16206,1.8,0.94
17.11.2025 03:54:15.326 GMT+0500,1.16238,1.16206,1.8,0.94
17.11.2025 03:54:15.379 GMT+0500,1.16245,1.16202,2.7,1.84
17.11.2025 03:54:15.431 GMT+0500,1.1624100000000002,1.16202,1.8,0.94
17.11.2025 03:54:15.484 GMT+0500,1.16244,1.16203,0.45,0.94
17.11.2025 03:54:15.536 GMT+0500,1.16239,1.16204,1.8,0.94
17.11.2025 03:54:15.642 GMT+0500,1.16244,1.16202,0.45,0.94
17.11.2025 03:54:15.696 GMT+0500,1.16244,1.16206,0.9,0.94
17.11.2025 03:54:16.002 GMT+0500,1.16244,1.16204,0.9,1.84
17.11.2025 03:54:16.358 GMT+0500,1.1623700000000001,1.16206,0.9,0.9
17.11.2025 03:54:16.411 GMT+0500,1.16244,1.16203,0.9,1.84
17.11.2025 03:54:16.515 GMT+0500,1.16244,1.16204,0.9,0.94
17.11.2025 03:54:17.480 GMT+0500,1.1624200000000002,1.16205,0.9,0.9
17.11.2025 03:54:18.541 GMT+0500,1.16245,1.16203,1.8,0.94
17.11.2025 03:54:18.594 GMT+0500,1.16246,1.16206,1.8,0.94
17.11.2025 03:54:19.452 GMT+0500,1.16249,1.1620700000000002,3.15,0.94
17.11.2025 03:54:19.556 GMT+0500,1.16248,1.1620700000000002,0.9,0.94
17.11.2025 03:54:19.962 GMT+0500,1.16246,1.16204,0.9,0.94
17.11.2025 03:54:20.066 GMT+0500,1.16244,1.16205,0.9,0.94
17.11.2025 03:54:20.525 GMT+0500,1.16248,1.16204,1.8,0.94
17.11.2025 03:54:20.982 GMT+0500,1.16246,1.16202,1.8,0.45
17.11.2025 03:54:21.036 GMT+0500,1.16244,1.16203,0.9,0.9
17.11.2025 03:54:22.799 GMT+0500,1.1624700000000001,1.16202,1.8,0.94
17.11.2025 03:54:22.852 GMT+0500,1.16249,1.1621100000000002,1.8,0.94
17.11.2025 03:54:23.261 GMT+0500,1.16248,1.1621299999999999,1.8,0.94
17.11.2025 03:54:23.365 GMT+0500,1.16248,1.16214,1.8,0.9
17.11.2025 03:54:23.871 GMT+0500,1.1624700000000001,1.16214,1.8,0.94
17.11.2025 03:54:26.595 GMT+0500,1.16246,1.1621100000000002,1.8,0.45
17.11.2025 03:54:26.648 GMT+0500,1.16243,1.16206,1.8,2.7
17.11.2025 03:54:27.308 GMT+0500,1.16243,1.1620700000000002,1.8,0.94
17.11.2025 03:54:27.615 GMT+0500,1.1624100000000002,1.16208,1.8,0.94
17.11.2025 03:54:34.630 GMT+0500,1.1624200000000002,1.16208,1.8,4.5
17.11.2025 03:54:35.185 GMT+0500,1.16246,1.16208,1.8,4.5
17.11.2025 03:54:35.238 GMT+0500,1.16243,1.1620700000000002,1.8,4.5
17.11.2025 03:54:35.291 GMT+0500,1.16246,1.1620700000000002,0.45,4.5
17.11.2025 03:54:35.343 GMT+0500,1.1625,1.16208,0.9,4.5
17.11.2025 03:54:37.810 GMT+0500,1.16245,1.16208,1.8,4.5
17.11.2025 03:54:39.422 GMT+0500,1.16243,1.1620700000000002,1.8,4.5
17.11.2025 03:54:46.115 GMT+0500,1.16246,1.16208,1.8,4.5
17.11.2025 03:54:47.141 GMT+0500,1.16249,1.1620700000000002,2.7,4.5
17.11.2025 03:54:48.102 GMT+0500,1.16248,1.1620700000000002,1.8,4.5
17.11.2025 03:54:48.608 GMT+0500,1.16244,1.16208,1.8,4.5
17.11.2025 03:54:50.119 GMT+0500,1.16245,1.16208,1.8,5.44
17.11.2025 03:54:53.540 GMT+0500,1.1624700000000001,1.16208,1.8,0.94
17.11.2025 03:54:55.455 GMT+0500,1.1624700000000001,1.1621100000000002,1.8,0.94
17.11.2025 03:54:55.509 GMT+0500,1.16246,1.16208,1.8,0.94
17.11.2025 03:54:56.469 GMT+0500,1.16245,1.1621000000000001,1.8,0.94
17.11.2025 03:54:56.975 GMT+0500,1.16244,1.16209,0.9,1.85
17.11.2025 03:54:57.129 GMT+0500,1.16244,1.16209,1.8,0.94
17.11.2025 03:54:58.336 GMT+0500,1.16245,1.1621000000000001,1.8,0.94
17.11.2025 03:55:01.304 GMT+0500,1.16246,1.16208,1.8,5.44
17.11.2025 03:55:02.077 GMT+0500,1.16246,1.1620700000000002,1.8,4.5
17.11.2025 03:55:02.481 GMT+0500,1.16245,1.1620700000000002,1.8,4.99
17.11.2025 03:55:03.037 GMT+0500,1.16246,1.16209,1.8,0.94
17.11.2025 03:55:05.904 GMT+0500,1.16245,1.1621100000000002,1.8,0.94
17.11.2025 03:55:11.426 GMT+0500,1.16244,1.1621100000000002,1.8,0.94
17.11.2025 03:55:14.043 GMT+0500,1.16244,1.1621000000000001,1.8,0.94
17.11.2025 03:55:16.560 GMT+0500,1.16246,1.1621000000000001,1.8,0.94
17.11.2025 03:55:20.030 GMT+0500,1.16244,1.16209,1.8,0.94
17.11.2025 03:55:23.150 GMT+0500,1.16243,1.1621100000000002,1.8,0.94
17.11.2025 03:55:23.254 GMT+0500,1.16245,1.16212,1.8,0.94
17.11.2025 03:55:25.318 GMT+0500,1.16245,1.1621299999999999,1.8,0.94
17.11.2025 03:55:25.722 GMT+0500,1.16246,1.1621100000000002,1.8,0.94
17.11.2025 03:55:25.825 GMT+0500,1.16244,1.16209,1.8,0.94
17.11.2025 03:55:26.581 GMT+0500,1.16245,1.1620700000000002,1.8,1.84
17.11.2025 03:55:29.244 GMT+0500,1.16246,1.16208,1.8,0.94
17.11.2025 03:55:31.859 GMT+0500,1.16245,1.16209,1.8,0.94
17.11.2025 03:55:32.313 GMT+0500,1.16244,1.16208,1.8,0.94
17.11.2025 03:55:34.125 GMT+0500,1.16245,1.1621000000000001,1.8,0.94
17.11.2025 03:55:34.935 GMT+0500,1.16244,1.16209,1.8,0.94
17.11.2025 03:55:35.038 GMT+0500,1.16245,1.16212,1.8,0.94
17.11.2025 03:55:37.100 GMT+0500,1.16243,1.1621000000000001,1.8,0.94
17.11.2025 03:55:42.080 GMT+0500,1.16245,1.1621000000000001,1.8,0.94
17.11.2025 03:55:43.789 GMT+0500,1.16246,1.1621000000000001,1.8,0.94
17.11.2025 03:55:44.142 GMT+0500,1.16246,1.1621299999999999,1.8,0.94
17.11.2025 03:55:46.007 GMT+0500,1.16244,1.16216,1.8,0.94
17.11.2025 03:55:46.111 GMT+0500,1.16245,1.1621000000000001,1.8,0.94
17.11.2025 03:55:47.120 GMT+0500,1.16244,1.16216,0.9,0.9
17.11.2025 03:55:47.172 GMT+0500,1.1624700000000001,1.16215,2.7,0.94
17.11.2025 03:55:47.831 GMT+0500,1.1624700000000001,1.16212,1.8,1.39
17.11.2025 03:55:48.306 GMT+0500,1.16245,1.16215,1.8,0.94
17.11.2025 03:55:48.409 GMT+0500,1.16245,1.16212,1.8,0.94
17.11.2025 03:55:48.966 GMT+0500,1.16245,1.1621299999999999,1.8,0.94
17.11.2025 03:55:50.027 GMT+0500,1.1624700000000001,1.16212,1.8,0.94
17.11.2025 03:55:53.046 GMT+0500,1.16246,1.1621100000000002,1.8,0.94
17.11.2025 03:55:54.456 GMT+0500,1.16245,1.1621100000000002,1.8,0.94
17.11.2025 03:55:56.519 GMT+0500,1.16245,1.16215,1.8,0.94
17.11.2025 03:55:57.128 GMT+0500,1.16246,1.16215,1.8,0.94
17.11.2025 03:55:57.485 GMT+0500,1.16244,1.1621100000000002,1.8,1.39
17.11.2025 03:56:00.102 GMT+0500,1.16246,1.1621299999999999,1.8,0.94
17.11.2025 03:56:00.155 GMT+0500,1.16245,1.1621100000000002,1.8,0.94
17.11.2025 03:56:01.065 GMT+0500,1.16246,1.1621299999999999,1.8,0.94
17.11.2025 03:56:01.169 GMT+0500,1.16244,1.1621000000000001,1.8,0.94
17.11.2025 03:56:01.221 GMT+0500,1.16245,1.16212,1.8,0.94
17.11.2025 03:56:01.728 GMT+0500,1.1624700000000001,1.16214,1.8,0.94
17.11.2025 03:56:05.150 GMT+0500,1.16245,1.16212,1.8,0.45
17.11.2025 03:56:05.203 GMT+0500,1.16245,1.16209,1.8,0.94
17.11.2025 03:56:07.418 GMT+0500,1.1624700000000001,1.16216,1.8,0.94
17.11.2025 03:56:07.521 GMT+0500,1.16246,1.1621000000000001,1.8,0.94
17.11.2025 03:56:08.932 GMT+0500,1.16245,1.16212,1.8,0.94
17.11.2025 03:56:11.298 GMT+0500,1.16245,1.1621100000000002,1.8,0.94
17.11.2025 03:56:12.409 GMT+0500,1.16246,1.16215,1.8,0.94
17.11.2025 03:56:12.513 GMT+0500,1.16244,1.16214,1.8,0.94
17.11.2025 03:56:13.424 GMT+0500,1.16244,1.1621299999999999,1.8,0.94
17.11.2025 03:56:15.637 GMT+0500,1.16245,1.1621299999999999,1.8,0.94
17.11.2025 03:56:15.892 GMT+0500,1.16243,1.1621000000000001,1.8,1.39
17.11.2025 03:56:16.905 GMT+0500,1.16246,1.16214,1.8,0.94
17.11.2025 03:56:17.415 GMT+0500,1.16245,1.1621299999999999,1.8,0.94
17.11.2025 03:56:18.072 GMT+0500,1.16245,1.16214,1.8,0.94
17.11.2025 03:56:21.143 GMT+0500,1.1624700000000001,1.16214,1.8,0.94
17.11.2025 03:56:21.599 GMT+0500,1.16246,1.1621299999999999,1.8,0.94
17.11.2025 03:56:21.854 GMT+0500,1.16246,1.1622299999999999,1.8,0.9
17.11.2025 03:56:22.363 GMT+0500,1.16246,1.16214,1.8,4.54
17.11.2025 03:56:22.973 GMT+0500,1.16245,1.16215,1.8,0.94
17.11.2025 03:56:23.025 GMT+0500,1.1624700000000001,1.16216,1.8,0.94
17.11.2025 03:56:28.013 GMT+0500,1.16248,1.1622100000000002,2.25,0.94
17.11.2025 03:56:28.167 GMT+0500,1.16245,1.1622000000000001,1.8,0.94
17.11.2025 03:56:28.373 GMT+0500,1.16246,1.1622000000000001,1.8,0.94
17.11.2025 03:56:28.477 GMT+0500,1.16245,1.1622000000000001,1.8,0.94
17.11.2025 03:56:28.933 GMT+0500,1.16244,1.16219,1.8,0.94
17.11.2025 03:56:30.496 GMT+0500,1.16245,1.16222,1.8,0.94
17.11.2025 03:56:31.508 GMT+0500,1.16245,1.1622000000000001,1.8,0.94
17.11.2025 03:56:31.561 GMT+0500,1.16244,1.1621700000000001,1.8,1.84
17.11.2025 03:56:32.324 GMT+0500,1.16243,1.16216,1.8,0.94
17.11.2025 03:56:32.479 GMT+0500,1.16245,1.1622000000000001,1.8,0.94
17.11.2025 03:56:32.584 GMT+0500,1.16249,1.16219,1.8,0.94
17.11.2025 03:56:32.839 GMT+0500,1.1625100000000002,1.16219,1.8,0.94
17.11.2025 03:56:32.892 GMT+0500,1.16248,1.1621700000000001,1.8,0.94
17.11.2025 03:56:33.500 GMT+0500,1.16248,1.16218,1.8,0.94
17.11.2025 03:56:34.006 GMT+0500,1.1624700000000001,1.1621700000000001,1.8,0.94
17.11.2025 03:56:36.874 GMT+0500,1.16246,1.1621700000000001,1.8,0.94
17.11.2025 03:56:36.927 GMT+0500,1.16245,1.16215,1.8,0.9
17.11.2025 03:56:37.231 GMT+0500,1.16244,1.16218,1.8,0.9
17.11.2025 03:56:37.283 GMT+0500,1.1625,1.16218,1.8,0.94
17.11.2025 03:56:38.143 GMT+0500,1.16249,1.1621700000000001,1.8,0.94
17.11.2025 03:56:38.195 GMT+0500,1.1624700000000001,1.16216,1.8,0.94
17.11.2025 03:56:40.061 GMT+0500,1.1625100000000002,1.1622000000000001,1.8,0.94
17.11.2025 03:56:41.173 GMT+0500,1.1625,1.16219,1.8,0.94
17.11.2025 03:56:41.529 GMT+0500,1.1625,1.1621700000000001,1.8,0.94
17.11.2025 03:56:42.085 GMT+0500,1.1625200000000002,1.1621700000000001,1.8,0.94
17.11.2025 03:56:42.543 GMT+0500,1.1625100000000002,1.1622000000000001,1.8,0.94
17.11.2025 03:56:45.058 GMT+0500,1.1625400000000001,1.16219,1.8,0.94
17.11.2025 03:56:45.111 GMT+0500,1.1625,1.1621700000000001,1.8,1.39
17.11.2025 03:56:45.215 GMT+0500,1.1625200000000002,1.16216,1.8,0.45
17.11.2025 03:56:45.319 GMT+0500,1.1625100000000002,1.16216,1.8,0.94
17.11.2025 03:56:45.624 GMT+0500,1.1625200000000002,1.16216,1.8,0.94
17.11.2025 03:56:49.307 GMT+0500,1.1625200000000002,1.16215,1.8,1.84
17.11.2025 03:56:51.876 GMT+0500,1.1625400000000001,1.16214,1.8,1.84
17.11.2025 03:56:55.446 GMT+0500,1.1625400000000001,1.1622000000000001,1.8,0.94
17.11.2025 03:56:55.804 GMT+0500,1.16256,1.1622000000000001,1.8,0.94
17.11.2025 03:56:55.907 GMT+0500,1.16253,1.16219,1.8,0.94
17.11.2025 03:57:00.133 GMT+0500,1.16255,1.16222,1.8,0.94
17.11.2025 03:57:01.999 GMT+0500,1.16253,1.16219,1.8,0.94
17.11.2025 03:57:10.701 GMT+0500,1.1625400000000001,1.1622100000000002,1.8,0.94
17.11.2025 03:57:11.009 GMT+0500,1.16255,1.16214,0.9,4.5
17.11.2025 03:57:11.113 GMT+0500,1.16256,1.16215,0.9,4.5
17.11.2025 03:57:11.217 GMT+0500,1.16256,1.16212,0.9,4.54
17.11.2025 03:57:13.081 GMT+0500,1.16255,1.1621100000000002,0.9,4.54
17.11.2025 03:57:15.142 GMT+0500,1.16256,1.16212,0.9,4.54
17.11.2025 03:57:15.194 GMT+0500,1.16257,1.16214,0.9,0.9
17.11.2025 03:57:20.027 GMT+0500,1.1625400000000001,1.16218,1.8,0.94
17.11.2025 03:57:22.297 GMT+0500,1.16256,1.16218,1.8,0.94
17.11.2025 03:57:22.601 GMT+0500,1.16256,1.16215,0.9,0.9
17.11.2025 03:57:25.521 GMT+0500,1.16255,1.1621299999999999,0.9,0.94
17.11.2025 03:57:25.776 GMT+0500,1.1625400000000001,1.16212,0.9,4.54
17.11.2025 03:57:30.102 GMT+0500,1.16255,1.1622000000000001,1.8,0.94
17.11.2025 03:57:30.206 GMT+0500,1.16255,1.1622000000000001,0.9,1.85
17.11.2025 03:57:30.258 GMT+0500,1.16256,1.16222,0.9,0.94
17.11.2025 03:57:30.665 GMT+0500,1.16257,1.16222,2.7,0.94
17.11.2025 03:57:33.485 GMT+0500,1.16257,1.1622299999999999,0.9,0.94
17.11.2025 03:57:35.551 GMT+0500,1.16257,1.16222,0.9,0.94
17.11.2025 03:57:39.242 GMT+0500,1.16256,1.1622100000000002,1.8,0.94
17.11.2025 03:57:39.751 GMT+0500,1.16256,1.16216,0.9,0.9
17.11.2025 03:57:40.310 GMT+0500,1.1625400000000001,1.1621000000000001,0.9,0.94
17.11.2025 03:57:40.363 GMT+0500,1.1625200000000002,1.16209,0.9,0.45
17.11.2025 03:57:40.567 GMT+0500,1.1625400000000001,1.16208,0.9,0.63
17.11.2025 03:57:41.330 GMT+0500,1.16255,1.16209,0.9,0.63
17.11.2025 03:57:45.104 GMT+0500,1.16256,1.1621299999999999,0.9,0.94
17.11.2025 03:57:45.207 GMT+0500,1.16257,1.1621299999999999,0.9,0.9
17.11.2025 03:57:47.171 GMT+0500,1.16258,1.1621299999999999,0.9,0.9
17.11.2025 03:57:55.516 GMT+0500,1.1625400000000001,1.1621299999999999,0.9,0.9
17.11.2025 03:57:55.568 GMT+0500,1.16253,1.16209,0.9,0.45
17.11.2025 03:57:56.733 GMT+0500,1.1625400000000001,1.16209,0.9,0.63
17.11.2025 03:57:58.445 GMT+0500,1.16256,1.16208,0.9,0.63
17.11.2025 03:57:58.549 GMT+0500,1.16253,1.16209,0.9,0.63
17.11.2025 03:57:58.654 GMT+0500,1.1625400000000001,1.16209,0.9,0.45
17.11.2025 03:57:58.759 GMT+0500,1.16257,1.16209,0.9,4.5
17.11.2025 03:57:58.811 GMT+0500,1.16256,1.16222,1.8,0.94
17.11.2025 03:57:58.915 GMT+0500,1.1625400000000001,1.16222,0.9,0.94
17.11.2025 03:57:58.968 GMT+0500,1.16256,1.1621000000000001,0.9,4.5
17.11.2025 03:57:59.071 GMT+0500,1.16257,1.16208,0.9,0.63
17.11.2025 03:57:59.931 GMT+0500,1.16257,1.16209,0.9,0.63
17.11.2025 03:57:59.984 GMT+0500,1.16255,1.16222,1.8,0.94
17.11.2025 03:58:00.242 GMT+0500,1.16259,1.1621299999999999,0.9,1.84
17.11.2025 03:58:00.347 GMT+0500,1.16256,1.16214,0.9,0.9
17.11.2025 03:58:00.705 GMT+0500,1.16258,1.16214,0.9,0.9
17.11.2025 03:58:01.312 GMT+0500,1.16258,1.1621299999999999,0.9,0.9
17.11.2025 03:58:03.926 GMT+0500,1.16255,1.16214,0.9,0.9
17.11.2025 03:58:04.079 GMT+0500,1.16256,1.16212,0.9,0.94
17.11.2025 03:58:04.939 GMT+0500,1.16256,1.1621000000000001,0.9,0.9
17.11.2025 03:58:08.612 GMT+0500,1.16255,1.16212,0.9,4.5
17.11.2025 03:58:08.665 GMT+0500,1.16256,1.16225,0.9,3.6
17.11.2025 03:58:09.679 GMT+0500,1.16256,1.16224,0.9,3.6
17.11.2025 03:58:10.488 GMT+0500,1.1626,1.1622299999999999,3.15,3.6
17.11.2025 03:58:22.262 GMT+0500,1.16255,1.16224,1.8,3.6
17.11.2025 03:58:22.315 GMT+0500,1.16255,1.16219,1.8,0.94
17.11.2025 03:58:22.419 GMT+0500,1.16257,1.1622299999999999,1.8,0.94
17.11.2025 03:58:24.690 GMT+0500,1.16256,1.1622299999999999,0.9,0.94
17.11.2025 03:58:24.742 GMT+0500,1.16256,1.16219,0.9,0.45
17.11.2025 03:58:24.795 GMT+0500,1.16253,1.16216,0.9,0.9
17.11.2025 03:58:24.848 GMT+0500,1.1625200000000002,1.1622000000000001,0.9,0.94
17.11.2025 03:58:24.953 GMT+0500,1.1625200000000002,1.16219,0.9,0.45
17.11.2025 03:58:25.006 GMT+0500,1.1625200000000002,1.16214,0.9,1.84
17.11.2025 03:58:26.317 GMT+0500,1.1625400000000001,1.16214,0.9,0.9
17.11.2025 03:58:27.373 GMT+0500,1.16258,1.16214,0.9,0.9
17.11.2025 03:58:27.476 GMT+0500,1.16258,1.1621299999999999,0.9,0.9
17.11.2025 03:58:31.701 GMT+0500,1.16256,1.16214,0.9,0.9
17.11.2025 03:58:31.754 GMT+0500,1.16256,1.16226,0.9,3.6
17.11.2025 03:58:32.261 GMT+0500,1.16259,1.16225,2.25,3.6
17.11.2025 03:58:33.372 GMT+0500,1.16258,1.16225,2.25,3.6
17.11.2025 03:58:34.531 GMT+0500,1.1625,1.16224,1.8,3.6
17.11.2025 03:58:34.584 GMT+0500,1.1625,1.16218,1.8,3.6
17.11.2025 03:58:34.789 GMT+0500,1.1625100000000002,1.16219,1.8,3.6
17.11.2025 03:58:35.550 GMT+0500,1.16249,1.16218,1.8,3.6
17.11.2025 03:58:35.653 GMT+0500,1.1624700000000001,1.16218,1.8,1.8
17.11.2025 03:58:39.932 GMT+0500,1.16245,1.1621700000000001,0.45,1.8
17.11.2025 03:58:42.147 GMT+0500,1.16243,1.16218,0.45,1.8
17.11.2025 03:59:22.180 GMT+0500,1.16244,1.16218,0.45,1.8
17.11.2025 03:59:26.164 GMT+0500,1.16246,1.16218,0.45,1.8
17.11.2025 03:59:31.148 GMT+0500,1.16246,1.1621700000000001,0.45,1.8
17.11.2025 03:59:43.170 GMT+0500,1.1624700000000001,1.1621700000000001,0.45,1.8
17.11.2025 03:59:44.181 GMT+0500,1.1624700000000001,1.16218,0.45,1.8
17.11.2025 03:59:45.138 GMT+0500,1.1624700000000001,1.1621700000000001,0.45,1.8
17.11.2025 03:59:51.172 GMT+0500,1.1625,1.1621700000000001,0.45,1.8
17.11.2025 03:59:56.152 GMT+0500,1.1625100000000002,1.16218,0.45,1.8
17.11.2025 03:59:59.478 GMT+0500,1.16249,1.16218,1.8,1.8
17.11.2025 04:00:00.141 GMT+0500,1.1625100000000002,1.16219,4.95,0.9
17.11.2025 04:00:00.195 GMT+0500,1.16245,1.16218,0.9,1.44
17.11.2025 04:00:00.250 GMT+0500,1.1624700000000001,1.16218,0.45,1.44
17.11.2025 04:00:00.304 GMT+0500,1.16246,1.1620700000000002,0.9,0.9
17.11.2025 04:00:00.356 GMT+0500,1.1624100000000002,1.16199,0.9,1.35
17.11.2025 04:00:00.462 GMT+0500,1.1624200000000002,1.16195,1.8,0.45
17.11.2025 04:00:00.514 GMT+0500,1.1624,1.16199,0.9,0.9
17.11.2025 04:00:00.720 GMT+0500,1.1624100000000002,1.16199,1.8,0.9
17.11.2025 04:00:00.824 GMT+0500,1.16235,1.1620000000000001,1.8,0.94
17.11.2025 04:00:01.029 GMT+0500,1.16239,1.1620000000000001,4.05,0.9
17.11.2025 04:00:01.134 GMT+0500,1.16236,1.16194,10.8,0.9
17.11.2025 04:00:01.544 GMT+0500,1.16232,1.16194,9.9,0.94
17.11.2025 04:00:01.597 GMT+0500,1.16232,1.16192,9.9,1.84
17.11.2025 04:00:02.716 GMT+0500,1.1623100000000002,1.16192,10.8,4.5
17.11.2025 04:00:02.820 GMT+0500,1.16232,1.16192,10.8,0.22
17.11.2025 04:00:02.924 GMT+0500,1.16232,1.16191,10.8,4.5
17.11.2025 04:00:02.976 GMT+0500,1.1623100000000002,1.1619000000000002,10.8,1.84
17.11.2025 04:00:03.080 GMT+0500,1.16232,1.16196,10.8,0.45
17.11.2025 04:00:03.235 GMT+0500,1.16232,1.1619700000000002,10.8,0.22
17.11.2025 04:00:03.541 GMT+0500,1.1623100000000002,1.16199,10.8,0.22
17.11.2025 04:00:03.645 GMT+0500,1.16232,1.1619700000000002,10.8,0.22
17.11.2025 04:00:03.850 GMT+0500,1.1623100000000002,1.16199,10.8,0.22
17.11.2025 04:00:04.053 GMT+0500,1.1623100000000002,1.16198,10.8,0.22
17.11.2025 04:00:04.157 GMT+0500,1.16232,1.16198,10.8,0.22
17.11.2025 04:00:04.209 GMT+0500,1.16232,1.16195,10.8,0.22
17.11.2025 04:00:04.332 GMT+0500,1.16232,1.16196,10.8,0.94
17.11.2025 04:00:04.386 GMT+0500,1.1623100000000002,1.1620000000000001,10.8,0.9
17.11.2025 04:00:05.199 GMT+0500,1.1623700000000001,1.16199,10.8,3.6
17.11.2025 04:00:05.301 GMT+0500,1.16232,1.16199,10.8,2.7
17.11.2025 04:00:06.620 GMT+0500,1.16236,1.1620000000000001,10.8,4.5
17.11.2025 04:00:09.450 GMT+0500,1.16222,1.16199,0.9,2.7
17.11.2025 04:00:10.678 GMT+0500,1.16222,1.1620700000000002,1.8,0.94
17.11.2025 04:00:10.780 GMT+0500,1.16222,1.16208,1.8,0.9
17.11.2025 04:00:11.137 GMT+0500,1.16222,1.16209,0.9,0.9
17.11.2025 04:00:11.190 GMT+0500,1.16224,1.16209,0.45,0.9
17.11.2025 04:00:11.243 GMT+0500,1.16222,1.16209,1.8,0.9
17.11.2025 04:00:12.208 GMT+0500,1.16224,1.16208,0.9,0.9
17.11.2025 04:00:12.316 GMT+0500,1.1623,1.1621100000000002,4.5,2.7
17.11.2025 04:00:12.470 GMT+0500,1.1624100000000002,1.1621100000000002,11.25,2.7
17.11.2025 04:00:12.574 GMT+0500,1.1624200000000002,1.1621100000000002,11.25,0.94
17.11.2025 04:00:12.779 GMT+0500,1.1624200000000002,1.1621000000000001,11.25,1.8
17.11.2025 04:00:12.831 GMT+0500,1.16236,1.1621100000000002,9.9,0.9
17.11.2025 04:00:13.342 GMT+0500,1.1623100000000002,1.16208,2.7,0.9
17.11.2025 04:00:13.447 GMT+0500,1.16234,1.16205,0.9,4.5
17.11.2025 04:00:13.501 GMT+0500,1.1623100000000002,1.16206,9.9,4.5
17.11.2025 04:00:13.553 GMT+0500,1.1623100000000002,1.16196,9.9,0.94
17.11.2025 04:00:13.910 GMT+0500,1.1623100000000002,1.16195,10.8,0.9
17.11.2025 04:00:14.115 GMT+0500,1.1623100000000002,1.16196,10.8,0.9
17.11.2025 04:00:16.458 GMT+0500,1.16229,1.16192,0.9,2.06
17.11.2025 04:00:16.563 GMT+0500,1.1623100000000002,1.16192,0.31,1.84
17.11.2025 04:00:16.818 GMT+0500,1.1623100000000002,1.16193,0.31,0.94
17.11.2025 04:00:16.923 GMT+0500,1.16233,1.16194,0.12,0.94
17.11.2025 04:00:17.079 GMT+0500,1.16233,1.16196,0.12,0.9
17.11.2025 04:00:17.335 GMT+0500,1.16233,1.16198,0.12,0.94
17.11.2025 04:00:18.047 GMT+0500,1.16233,1.16199,1.8,0.94
17.11.2025 04:00:20.364 GMT+0500,1.16233,1.1619700000000002,1.8,0.94
17.11.2025 04:00:21.475 GMT+0500,1.16233,1.16198,1.8,0.94
17.11.2025 04:00:21.880 GMT+0500,1.1623100000000002,1.16199,1.8,0.94
17.11.2025 04:00:22.135 GMT+0500,1.16234,1.16196,1.8,0.94
17.11.2025 04:00:23.195 GMT+0500,1.1623,1.16196,1.8,1.84
17.11.2025 04:00:23.248 GMT+0500,1.16235,1.16196,0.12,1.84
17.11.2025 04:00:23.301 GMT+0500,1.16232,1.1619700000000002,1.8,0.94
17.11.2025 04:00:24.111 GMT+0500,1.16233,1.16198,1.8,0.94
17.11.2025 04:00:24.216 GMT+0500,1.1623100000000002,1.16198,9.9,0.94
17.11.2025 04:00:24.873 GMT+0500,1.16232,1.16195,10.8,0.94
17.11.2025 04:00:28.260 GMT+0500,1.16232,1.1619700000000002,11.7,0.45
17.11.2025 04:00:28.365 GMT+0500,1.16233,1.16205,4.5,0.9
17.11.2025 04:00:28.569 GMT+0500,1.16236,1.16205,1.8,0.9
17.11.2025 04:00:29.636 GMT+0500,1.16224,1.16205,1.8,0.9
17.11.2025 04:00:29.690 GMT+0500,1.1622000000000001,1.1620000000000001,0.9,4.5
17.11.2025 04:00:29.793 GMT+0500,1.1622000000000001,1.16202,0.9,0.9
17.11.2025 04:00:29.897 GMT+0500,1.16218,1.16203,0.9,0.9
17.11.2025 04:00:30.457 GMT+0500,1.16218,1.16202,1.8,0.9
17.11.2025 04:00:30.510 GMT+0500,1.16215,1.16194,2.25,4.5
17.11.2025 04:00:30.716 GMT+0500,1.16214,1.16188,2.25,15.34
17.11.2025 04:00:34.501 GMT+0500,1.16216,1.16188,0.45,10.8
17.11.2025 04:00:34.554 GMT+0500,1.16219,1.16188,0.12,12.64
17.11.2025 04:00:35.064 GMT+0500,1.16222,1.16188,0.12,0.9
17.11.2025 04:00:35.321 GMT+0500,1.16222,1.16192,0.12,0.9
17.11.2025 04:00:36.087 GMT+0500,1.16222,1.16191,0.12,0.94
17.11.2025 04:00:36.140 GMT+0500,1.1622299999999999,1.16193,0.12,0.9
17.11.2025 04:00:40.322 GMT+0500,1.16222,1.16192,0.12,0.9
17.11.2025 04:00:40.374 GMT+0500,1.1622100000000002,1.16191,0.12,0.9
17.11.2025 04:00:40.578 GMT+0500,1.1622000000000001,1.16191,0.12,0.9
17.11.2025 04:00:40.681 GMT+0500,1.1622100000000002,1.16191,0.12,0.94
17.11.2025 04:00:40.835 GMT+0500,1.1622100000000002,1.16192,0.12,0.94
17.11.2025 04:00:41.293 GMT+0500,1.16222,1.16192,0.12,0.94
17.11.2025 04:00:41.396 GMT+0500,1.16222,1.16199,0.12,0.9
17.11.2025 04:00:41.449 GMT+0500,1.1622100000000002,1.16193,0.12,0.94
17.11.2025 04:00:42.775 GMT+0500,1.16224,1.16195,0.12,0.9
17.11.2025 04:00:42.987 GMT+0500,1.16225,1.16195,0.12,0.94
17.11.2025 04:00:43.091 GMT+0500,1.16226,1.16195,0.12,1.84
17.11.2025 04:00:43.652 GMT+0500,1.16225,1.16196,0.12,0.9
17.11.2025 04:00:43.757 GMT+0500,1.16225,1.16198,0.12,0.94
17.11.2025 04:00:43.810 GMT+0500,1.16225,1.16195,0.12,1.8
17.11.2025 04:00:45.280 GMT+0500,1.16225,1.16196,0.12,0.94
17.11.2025 04:00:48.299 GMT+0500,1.1622000000000001,1.16195,0.12,1.85
17.11.2025 04:00:48.352 GMT+0500,1.16219,1.16195,0.12,0.9
17.11.2025 04:00:48.507 GMT+0500,1.1622000000000001,1.16193,0.12,0.94
17.11.2025 04:00:48.813 GMT+0500,1.1622000000000001,1.16192,0.12,0.94
17.11.2025 04:00:49.119 GMT+0500,1.16219,1.16194,0.12,0.94
17.11.2025 04:00:49.930 GMT+0500,1.1622000000000001,1.16191,0.12,0.9
17.11.2025 04:00:50.337 GMT+0500,1.16219,1.16193,0.12,0.94
17.11.2025 04:00:50.389 GMT+0500,1.1622000000000001,1.1619000000000002,0.12,0.9
17.11.2025 04:00:50.997 GMT+0500,1.1622000000000001,1.16191,0.12,0.94
17.11.2025 04:00:52.559 GMT+0500,1.16222,1.16191,0.12,0.94
17.11.2025 04:00:53.164 GMT+0500,1.16224,1.16196,0.12,0.94
17.11.2025 04:00:53.421 GMT+0500,1.16224,1.1619700000000002,0.12,0.94
17.11.2025 04:00:54.081 GMT+0500,1.16228,1.16195,0.12,0.9
17.11.2025 04:00:54.488 GMT+0500,1.1622700000000001,1.16194,0.12,0.9
17.11.2025 04:00:54.542 GMT+0500,1.1622000000000001,1.16189,0.12,4.5
17.11.2025 04:00:54.697 GMT+0500,1.1621700000000001,1.1619000000000002,0.12,4.5
17.11.2025 04:00:54.801 GMT+0500,1.1621700000000001,1.16184,10.8,0.94
17.11.2025 04:00:55.058 GMT+0500,1.16216,1.16181,0.12,2.25
17.11.2025 04:00:55.161 GMT+0500,1.16216,1.16182,0.12,1.84
17.11.2025 04:00:55.515 GMT+0500,1.1621700000000001,1.16182,10.89,1.84
17.11.2025 04:00:55.669 GMT+0500,1.1621700000000001,1.16183,10.89,0.9
17.11.2025 04:01:00.169 GMT+0500,1.16214,1.16184,0.12,1.8
17.11.2025 04:01:00.273 GMT+0500,1.1621299999999999,1.16183,0.12,0.9
17.11.2025 04:01:00.531 GMT+0500,1.16216,1.16184,10.8,0.9
17.11.2025 04:01:00.583 GMT+0500,1.1621299999999999,1.16183,0.12,1.84
17.11.2025 04:01:03.108 GMT+0500,1.16212,1.16185,0.12,1.84
17.11.2025 04:01:04.169 GMT+0500,1.16212,1.16184,0.12,2.74
17.11.2025 04:01:04.578 GMT+0500,1.16212,1.16183,0.12,2.74
17.11.2025 04:01:06.095 GMT+0500,1.16212,1.16183,0.12,0.94
17.11.2025 04:01:06.199 GMT+0500,1.16212,1.16185,0.12,0.9
17.11.2025 04:01:07.662 GMT+0500,1.1621299999999999,1.16185,0.12,0.9
17.11.2025 04:01:09.380 GMT+0500,1.16216,1.1618600000000001,11.7,0.9
17.11.2025 04:01:12.163 GMT+0500,1.16216,1.16184,11.7,13.95
17.11.2025 04:01:15.589 GMT+0500,1.1621700000000001,1.16184,11.7,0.94
17.11.2025 04:01:15.694 GMT+0500,1.1621700000000001,1.16185,11.7,0.9
17.11.2025 04:01:16.754 GMT+0500,1.1621299999999999,1.16185,0.12,5.85
17.11.2025 04:01:17.869 GMT+0500,1.16212,1.16185,7.2,0.9
17.11.2025 04:01:18.279 GMT+0500,1.1621100000000002,1.1618700000000002,7.2,0.9
17.11.2025 04:01:18.332 GMT+0500,1.1621000000000001,1.1618600000000001,7.2,1.8
17.11.2025 04:01:18.842 GMT+0500,1.1621000000000001,1.16185,3.6,0.9
17.11.2025 04:01:19.303 GMT+0500,1.1621000000000001,1.1618700000000002,3.6,0.22
17.11.2025 04:01:19.407 GMT+0500,1.16214,1.16189,5.49,7.2
17.11.2025 04:01:19.972 GMT+0500,1.16214,1.16194,0.9,3.6
17.11.2025 04:01:20.383 GMT+0500,1.16215,1.16188,0.9,7.2
17.11.2025 04:01:20.487 GMT+0500,1.16215,1.16193,0.99,7.2
17.11.2025 04:01:29.488 GMT+0500,1.16215,1.16192,1.8,0.9
17.11.2025 04:01:29.592 GMT+0500,1.16214,1.16194,1.8,3.6
17.11.2025 04:01:30.098 GMT+0500,1.16212,1.16194,0.9,4.5
17.11.2025 04:01:30.201 GMT+0500,1.1621299999999999,1.16194,0.9,4.5
17.11.2025 04:01:32.374 GMT+0500,1.1621100000000002,1.16192,7.2,4.5
17.11.2025 04:01:32.528 GMT+0500,1.1621100000000002,1.1619000000000002,7.2,9.9
17.11.2025 04:01:33.036 GMT+0500,1.1621000000000001,1.1619000000000002,7.2,1.8
17.11.2025 04:01:33.952 GMT+0500,1.1621100000000002,1.1619000000000002,4.5,0.9
17.11.2025 04:01:37.293 GMT+0500,1.16209,1.16206,0.9,1.84
17.11.2025 04:01:37.347 GMT+0500,1.1621299999999999,1.1621000000000001,4.5,0.45
17.11.2025 04:01:37.400 GMT+0500,1.16222,1.16216,0.22,0.45
17.11.2025 04:01:37.454 GMT+0500,1.16225,1.16215,1.35,0.45
17.11.2025 04:01:37.660 GMT+0500,1.16225,1.16214,0.45,0.9
17.11.2025 04:01:37.713 GMT+0500,1.16224,1.16212,1.8,0.9
17.11.2025 04:01:37.819 GMT+0500,1.16222,1.16212,1.8,0.45
17.11.2025 04:01:37.872 GMT+0500,1.1622100000000002,1.1621000000000001,1.35,3.15
17.11.2025 04:01:39.039 GMT+0500,1.1622299999999999,1.16215,1.8,0.45
17.11.2025 04:01:39.145 GMT+0500,1.1622700000000001,1.1622100000000002,4.5,0.45
17.11.2025 04:01:39.249 GMT+0500,1.16228,1.1622100000000002,4.5,0.45
17.11.2025 04:01:39.303 GMT+0500,1.16232,1.1622000000000001,3.15,0.45
17.11.2025 04:01:40.973 GMT+0500,1.16234,1.1622299999999999,3.37,0.45
17.11.2025 04:01:41.077 GMT+0500,1.16234,1.16225,1.89,0.9
17.11.2025 04:01:42.189 GMT+0500,1.16234,1.16224,0.12,0.9
17.11.2025 04:01:43.351 GMT+0500,1.16229,1.16224,0.12,0.9
17.11.2025 04:01:43.404 GMT+0500,1.16229,1.1622000000000001,0.12,0.45
17.11.2025 04:01:43.507 GMT+0500,1.16228,1.1622000000000001,0.12,0.45
17.11.2025 04:01:43.610 GMT+0500,1.16228,1.16219,0.12,0.9
17.11.2025 04:01:45.102 GMT+0500,1.16232,1.16224,0.99,0.9
17.11.2025 04:01:45.207 GMT+0500,1.16229,1.1622000000000001,0.12,3.6
17.11.2025 04:01:45.512 GMT+0500,1.1622700000000001,1.1622100000000002,0.12,0.45
17.11.2025 04:01:45.715 GMT+0500,1.1622700000000001,1.16222,0.12,0.9
17.11.2025 04:01:52.062 GMT+0500,1.16226,1.1622100000000002,0.12,0.9
17.11.2025 04:02:00.624 GMT+0500,1.1622700000000001,1.16219,0.12,0.9
17.11.2025 04:02:01.180 GMT+0500,1.1622700000000001,1.1622000000000001,0.12,0.45
17.11.2025 04:02:04.062 GMT+0500,1.16224,1.1622100000000002,0.12,0.9
17.11.2025 04:02:04.166 GMT+0500,1.16224,1.16219,0.12,0.9
17.11.2025 04:02:05.278 GMT+0500,1.16225,1.16219,0.12,0.9
17.11.2025 04:02:06.946 GMT+0500,1.16224,1.16218,0.12,0.9
17.11.2025 04:02:07.303 GMT+0500,1.16225,1.16218,0.12,0.9
17.11.2025 04:02:11.585 GMT+0500,1.1622700000000001,1.1622000000000001,0.12,0.94
17.11.2025 04:02:11.688 GMT+0500,1.1622700000000001,1.1622100000000002,0.12,0.9
17.11.2025 04:02:12.249 GMT+0500,1.16226,1.1622100000000002,0.12,0.9
17.11.2025 04:02:15.082 GMT+0500,1.1622700000000001,1.1622100000000002,0.12,1.8
17.11.2025 04:02:15.185 GMT+0500,1.1622700000000001,1.16222,0.12,0.9
17.11.2025 04:02:15.339 GMT+0500,1.1622700000000001,1.1622100000000002,0.12,0.9
17.11.2025 04:02:19.365 GMT+0500,1.16228,1.1622100000000002,0.12,0.9
17.11.2025 04:02:19.972 GMT+0500,1.16229,1.16224,0.9,0.9
17.11.2025 04:02:20.079 GMT+0500,1.16232,1.16228,0.12,0.9
17.11.2025 04:02:20.184 GMT+0500,1.16232,1.16226,0.12,1.8
17.11.2025 04:02:28.286 GMT+0500,1.16232,1.1622700000000001,0.12,1.8
17.11.2025 04:02:28.992 GMT+0500,1.16232,1.16226,0.12,1.8
17.11.2025 04:02:30.861 GMT+0500,1.16233,1.16226,0.12,0.9
17.11.2025 04:02:31.064 GMT+0500,1.1623100000000002,1.1622700000000001,0.12,0.9
17.11.2025 04:02:34.291 GMT+0500,1.16232,1.1622700000000001,0.12,0.9
17.11.2025 04:02:38.382 GMT+0500,1.16233,1.1622700000000001,0.99,0.9
17.11.2025 04:02:41.956 GMT+0500,1.16236,1.16225,2.7,0.9
17.11.2025 04:02:49.417 GMT+0500,1.16233,1.16226,0.45,0.9
17.11.2025 04:02:49.521 GMT+0500,1.16233,1.16225,0.45,0.9
17.11.2025 04:02:51.994 GMT+0500,1.16232,1.16224,2.7,0.9
17.11.2025 04:02:52.805 GMT+0500,1.16233,1.16222,4.95,0.9
17.11.2025 04:02:53.921 GMT+0500,1.16232,1.16225,4.95,0.12
17.11.2025 04:02:54.027 GMT+0500,1.16235,1.1623100000000002,4.5,0.94
17.11.2025 04:02:54.131 GMT+0500,1.16236,1.16233,4.5,0.9
17.11.2025 04:02:54.235 GMT+0500,1.1624100000000002,1.16233,1.8,0.9
17.11.2025 04:02:56.000 GMT+0500,1.1624200000000002,1.16233,4.5,0.9
17.11.2025 04:02:56.610 GMT+0500,1.16244,1.1624,4.95,1.8
17.11.2025 04:02:56.714 GMT+0500,1.1624700000000001,1.16243,0.9,0.9
17.11.2025 04:03:01.893 GMT+0500,1.16243,1.1624,0.9,0.9
17.11.2025 04:03:01.946 GMT+0500,1.1624200000000002,1.16238,0.9,0.9
17.11.2025 04:03:02.100 GMT+0500,1.1624100000000002,1.16238,0.9,0.9
17.11.2025 04:03:06.597 GMT+0500,1.1624100000000002,1.16235,0.9,0.9
17.11.2025 04:03:08.212 GMT+0500,1.1624100000000002,1.16238,0.9,0.9
17.11.2025 04:03:10.381 GMT+0500,1.1624100000000002,1.16236,0.9,0.9
17.11.2025 04:03:10.685 GMT+0500,1.16239,1.16236,0.12,0.9
17.11.2025 04:03:11.191 GMT+0500,1.1624,1.16234,0.12,1.8
17.11.2025 04:03:11.297 GMT+0500,1.16233,1.1623,0.12,2.7
17.11.2025 04:03:11.706 GMT+0500,1.16232,1.16229,0.12,0.9
17.11.2025 04:03:11.811 GMT+0500,1.1623100000000002,1.1622700000000001,0.12,0.9
17.11.2025 04:03:11.916 GMT+0500,1.1623100000000002,1.16225,0.12,1.8
17.11.2025 04:03:13.130 GMT+0500,1.1623,1.1622700000000001,0.12,0.9
17.11.2025 04:03:16.805 GMT+0500,1.1623,1.16226,0.99,1.8
17.11.2025 04:03:16.912 GMT+0500,1.1623,1.1622700000000001,0.12,0.9
17.11.2025 04:03:20.650 GMT+0500,1.16232,1.1622700000000001,0.9,0.9
17.11.2025 04:03:27.893 GMT+0500,1.1623,1.16226,0.9,0.9
17.11.2025 04:03:29.664 GMT+0500,1.16229,1.16225,0.9,0.9
17.11.2025 04:03:37.928 GMT+0500,1.1622700000000001,1.1622299999999999,0.9,1.8
17.11.2025 04:03:38.033 GMT+0500,1.16226,1.1622000000000001,0.9,0.9
17.11.2025 04:03:38.950 GMT+0500,1.16228,1.1622299999999999,0.9,0.9
17.11.2025 04:03:39.209 GMT+0500,1.1622700000000001,1.1622100000000002,0.9,0.9
17.11.2025 04:03:45.515 GMT+0500,1.16225,1.1622100000000002,0.9,0.9
17.11.2025 04:03:45.722 GMT+0500,1.16222,1.16219,0.9,0.9
17.11.2025 04:03:45.827 GMT+0500,1.16222,1.16218,0.9,0.9
17.11.2025 04:04:00.538 GMT+0500,1.16226,1.1622299999999999,2.7,0.9
17.11.2025 04:04:00.592 GMT+0500,1.16233,1.1623100000000002,0.9,0.9
17.11.2025 04:04:00.646 GMT+0500,1.16235,1.16232,0.9,0.9
17.11.2025 04:04:00.802 GMT+0500,1.16239,1.16234,0.9,0.9
17.11.2025 04:04:00.907 GMT+0500,1.16238,1.16233,0.9,0.9
17.11.2025 04:04:02.676 GMT+0500,1.1623700000000001,1.16232,0.9,0.9
17.11.2025 04:04:18.986 GMT+0500,1.16238,1.16233,0.9,0.9
17.11.2025 04:04:20.458 GMT+0500,1.1623700000000001,1.16233,0.12,0.9
17.11.2025 04:04:24.782 GMT+0500,1.16235,1.16234,0.12,0.9
17.11.2025 04:04:26.849 GMT+0500,1.16235,1.1623,0.99,0.9
17.11.2025 04:04:40.303 GMT+0500,1.16236,1.16233,0.9,0.9
17.11.2025 04:04:46.644 GMT+0500,1.16234,1.16229,0.99,1.8
17.11.2025 04:04:46.749 GMT+0500,1.16232,1.1622700000000001,0.9,0.9
17.11.2025 04:04:50.432 GMT+0500,1.16234,1.16229,0.99,0.9
17.11.2025 04:04:50.536 GMT+0500,1.16232,1.16229,0.9,0.9
17.11.2025 04:04:52.773 GMT+0500,1.16234,1.1623100000000002,0.99,0.9
17.11.2025 04:04:57.518 GMT+0500,1.16236,1.1623100000000002,1.89,0.9
17.11.2025 04:04:57.622 GMT+0500,1.16235,1.1623,0.9,0.9
17.11.2025 04:05:00.092 GMT+0500,1.1623700000000001,1.16232,0.9,0.9
17.11.2025 04:05:03.475 GMT+0500,1.16238,1.16233,0.9,0.9
17.11.2025 04:05:05.849 GMT+0500,1.1624,1.1623700000000001,0.9,0.9
17.11.2025 04:05:06.257 GMT+0500,1.1624100000000002,1.16238,0.9,0.9
17.11.2025 04:05:11.555 GMT+0500,1.16243,1.1623700000000001,0.99,0.9
17.11.2025 04:05:15.538 GMT+0500,1.1624,1.1623700000000001,0.9,0.9
17.11.2025 04:05:21.981 GMT+0500,1.16238,1.16234,1.8,0.9
17.11.2025 04:05:22.036 GMT+0500,1.16233,1.16229,0.9,6.34
17.11.2025 04:05:22.398 GMT+0500,1.16236,1.16233,0.99,0.9
17.11.2025 04:05:23.719 GMT+0500,1.1624100000000002,1.1623700000000001,1.35,0.9
17.11.2025 04:05:23.773 GMT+0500,1.1624700000000001,1.1624100000000002,7.29,0.9
17.11.2025 04:05:36.542 GMT+0500,1.16249,1.16244,1.89,0.9
17.11.2025 04:05:36.645 GMT+0500,1.1624700000000001,1.1624200000000002,0.9,0.9
17.11.2025 04:06:31.631 GMT+0500,1.1624700000000001,1.1624100000000002,0.99,0.9
17.11.2025 04:06:49.492 GMT+0500,1.16246,1.16243,0.9,0.9
17.11.2025 04:07:11.306 GMT+0500,1.1624,1.1623700000000001,0.9,3.41
17.11.2025 04:07:11.412 GMT+0500,1.16239,1.16236,0.9,4.5
17.11.2025 04:07:11.567 GMT+0500,1.16238,1.16235,1.8,0.9
17.11.2025 04:07:11.922 GMT+0500,1.16238,1.16233,0.9,0.9
17.11.2025 04:07:23.530 GMT+0500,1.16239,1.16234,1.8,0.9
17.11.2025 04:07:23.583 GMT+0500,1.16238,1.1623700000000001,0.9,0.9
17.11.2025 04:07:23.636 GMT+0500,1.1624100000000002,1.16236,0.9,0.9
17.11.2025 04:07:26.161 GMT+0500,1.1624200000000002,1.16238,0.9,0.9
17.11.2025 04:07:34.133 GMT+0500,1.1624,1.16236,0.99,0.9
17.11.2025 04:07:43.398 GMT+0500,1.1624100000000002,1.16233,0.99,0.9
17.11.2025 04:07:54.361 GMT+0500,1.16239,1.16234,0.12,0.9
17.11.2025 04:07:59.306 GMT+0500,1.1624,1.16235,0.9,0.94
17.11.2025 04:07:59.410 GMT+0500,1.1624100000000002,1.16234,0.12,1.84
17.11.2025 04:08:01.077 GMT+0500,1.1624200000000002,1.16234,0.99,0.9
17.11.2025 04:08:03.448 GMT+0500,1.1624100000000002,1.16234,0.99,1.84
17.11.2025 04:08:21.956 GMT+0500,1.1624100000000002,1.16235,0.99,0.94
17.11.2025 04:08:24.224 GMT+0500,1.16234,1.1623100000000002,0.12,0.45
17.11.2025 04:08:24.278 GMT+0500,1.1623100000000002,1.1622299999999999,0.12,1.85
17.11.2025 04:08:24.332 GMT+0500,1.16228,1.16224,0.12,0.9
17.11.2025 04:08:24.385 GMT+0500,1.16229,1.1622100000000002,0.12,0.9
17.11.2025 04:08:24.489 GMT+0500,1.16228,1.1622100000000002,0.99,1.8
17.11.2025 04:08:25.249 GMT+0500,1.1622700000000001,1.1622100000000002,0.12,1.8
17.11.2025 04:08:30.114 GMT+0500,1.16235,1.1623,1.35,0.9
17.11.2025 04:08:30.220 GMT+0500,1.16236,1.1623,4.5,0.9
17.11.2025 04:08:30.375 GMT+0500,1.16238,1.1623,0.12,0.9
17.11.2025 04:08:30.833 GMT+0500,1.16239,1.16233,1.89,0.9
17.11.2025 04:08:30.938 GMT+0500,1.16239,1.1623100000000002,0.12,0.9
17.11.2025 04:08:31.044 GMT+0500,1.16243,1.16234,0.12,2.74
17.11.2025 04:08:31.504 GMT+0500,1.16243,1.16235,0.99,0.9
17.11.2025 04:08:36.646 GMT+0500,1.1624200000000002,1.16235,0.12,0.9
17.11.2025 04:08:36.950 GMT+0500,1.1624200000000002,1.16236,0.99,0.9
17.11.2025 04:08:37.963 GMT+0500,1.1624,1.16234,0.12,1.8
17.11.2025 04:08:38.220 GMT+0500,1.1624,1.16233,0.12,0.9
17.11.2025 04:08:38.476 GMT+0500,1.16239,1.16232,0.12,1.8
17.11.2025 04:08:38.581 GMT+0500,1.16238,1.16232,0.99,0.9
17.11.2025 04:08:38.735 GMT+0500,1.16238,1.1623100000000002,0.12,0.9
17.11.2025 04:08:40.355 GMT+0500,1.16239,1.1623100000000002,0.9,0.9
17.11.2025 04:08:46.959 GMT+0500,1.16236,1.1623100000000002,0.9,0.9
17.11.2025 04:09:00.341 GMT+0500,1.16238,1.16233,0.9,0.9
17.11.2025 04:09:01.252 GMT+0500,1.16235,1.1623,0.9,0.9
17.11.2025 04:09:01.306 GMT+0500,1.16233,1.16228,0.9,0.9
17.11.2025 04:09:23.035 GMT+0500,1.1623700000000001,1.1623100000000002,2.7,0.9
17.11.2025 04:09:33.574 GMT+0500,1.1624200000000002,1.16236,3.15,0.9
17.11.2025 04:09:33.679 GMT+0500,1.1623700000000001,1.16232,0.9,0.9
17.11.2025 04:09:40.974 GMT+0500,1.16235,1.1623100000000002,0.9,1.8
17.11.2025 04:09:41.437 GMT+0500,1.1623700000000001,1.16232,0.9,0.9
17.11.2025 04:09:51.021 GMT+0500,1.16233,1.16228,0.9,1.84
17.11.2025 04:09:52.037 GMT+0500,1.16234,1.16229,0.9,0.9
17.11.2025 04:09:53.711 GMT+0500,1.1623700000000001,1.16232,0.9,0.9
17.11.2025 04:10:13.798 GMT+0500,1.1624,1.1623700000000001,0.9,0.9
17.11.2025 04:10:26.447 GMT+0500,1.16236,1.16232,0.9,2.02
17.11.2025 04:10:26.552 GMT+0500,1.1623700000000001,1.16232,0.9,0.9
17.11.2025 04:10:49.600 GMT+0500,1.16235,1.16232,0.9,1.99
17.11.2025 04:10:51.680 GMT+0500,1.16233,1.16228,0.9,0.9
17.11.2025 04:10:52.091 GMT+0500,1.16232,1.1622700000000001,0.9,1.99
17.11.2025 04:10:53.110 GMT+0500,1.1623,1.1622700000000001,0.9,0.9
17.11.2025 04:11:12.058 GMT+0500,1.1623100000000002,1.16228,0.9,0.9
17.11.2025 04:11:41.339 GMT+0500,1.16233,1.16228,0.9,0.9
17.11.2025 04:11:41.799 GMT+0500,1.16232,1.1622700000000001,0.9,1.99
17.11.2025 04:11:51.181 GMT+0500,1.1623,1.1622700000000001,0.9,1.99
17.11.2025 04:12:09.633 GMT+0500,1.1623100000000002,1.16228,0.9,0.9
17.11.2025 04:12:14.915 GMT+0500,1.16228,1.16224,1.8,0.9
17.11.2025 04:12:15.021 GMT+0500,1.1622700000000001,1.16224,1.8,0.9
17.11.2025 04:12:15.329 GMT+0500,1.1622700000000001,1.16222,0.9,1.99
17.11.2025 04:12:15.990 GMT+0500,1.1623,1.1622700000000001,0.9,0.9
17.11.2025 04:12:17.213 GMT+0500,1.1623,1.16225,0.9,1.99
17.11.2025 04:12:23.150 GMT+0500,1.16229,1.16224,0.9,1.99
17.11.2025 04:12:26.082 GMT+0500,1.16228,1.1622299999999999,0.9,1.99
17.11.2025 04:12:53.968 GMT+0500,1.1622700000000001,1.16222,0.9,1.99
17.11.2025 04:13:10.122 GMT+0500,1.16224,1.16222,0.9,1.09
17.11.2025 04:13:10.432 GMT+0500,1.16224,1.1622100000000002,0.9,1.99
17.11.2025 04:13:15.540 GMT+0500,1.16222,1.16219,0.9,0.9
17.11.2025 04:13:28.142 GMT+0500,1.1622299999999999,1.1622000000000001,1.8,0.9
17.11.2025 04:13:29.411 GMT+0500,1.16225,1.1622000000000001,0.9,0.9
17.11.2025 04:13:52.100 GMT+0500,1.16228,1.16225,1.12,0.9
17.11.2025 04:13:52.154 GMT+0500,1.16229,1.16226,0.9,0.9
17.11.2025 04:14:02.607 GMT+0500,1.16228,1.16225,0.9,1.09
17.11.2025 04:14:02.711 GMT+0500,1.16229,1.1622299999999999,1.8,0.9
17.11.2025 04:14:06.874 GMT+0500,1.1622700000000001,1.1622299999999999,0.9,1.99
17.11.2025 04:14:06.928 GMT+0500,1.16225,1.16219,0.9,1.8
17.11.2025 04:14:16.104 GMT+0500,1.16226,1.1622100000000002,0.9,0.9
17.11.2025 04:14:16.209 GMT+0500,1.16226,1.1622299999999999,0.9,0.9
17.11.2025 04:14:53.130 GMT+0500,1.1622299999999999,1.1622000000000001,0.9,0.9
17.11.2025 04:14:53.184 GMT+0500,1.16219,1.16216,0.9,1.12
17.11.2025 04:14:53.239 GMT+0500,1.16219,1.1621299999999999,0.9,5.4
17.11.2025 04:15:01.331 GMT+0500,1.1622100000000002,1.1622000000000001,2.25,0.9
17.11.2025 04:15:01.486 GMT+0500,1.1622299999999999,1.16218,0.9,0.9
17.11.2025 04:15:01.643 GMT+0500,1.16224,1.16219,0.9,0.9
17.11.2025 04:15:11.794 GMT+0500,1.16224,1.1622100000000002,0.9,0.9
17.11.2025 04:15:25.816 GMT+0500,1.1622700000000001,1.16225,1.12,0.9
17.11.2025 04:15:25.922 GMT+0500,1.16229,1.16224,0.9,0.9
17.11.2025 04:15:26.027 GMT+0500,1.16229,1.1622299999999999,0.9,0.9
17.11.2025 04:15:27.356 GMT+0500,1.16229,1.16226,1.8,0.9
17.11.2025 04:15:33.703 GMT+0500,1.16228,1.1622299999999999,1.8,1.99
17.11.2025 04:15:44.696 GMT+0500,1.1623,1.16224,0.9,0.9
17.11.2025 04:16:00.310 GMT+0500,1.16229,1.1622299999999999,0.9,1.99
17.11.2025 04:16:00.364 GMT+0500,1.16226,1.16224,0.9,1.09
17.11.2025 04:16:00.622 GMT+0500,1.16226,1.1622299999999999,0.9,0.9
17.11.2025 04:16:00.981 GMT+0500,1.1622700000000001,1.16224,0.9,0.9
17.11.2025 04:16:05.308 GMT+0500,1.16226,1.1622299999999999,0.9,1.99
17.11.2025 04:16:06.725 GMT+0500,1.16224,1.1622000000000001,0.9,0.94
17.11.2025 04:16:06.831 GMT+0500,1.1622100000000002,1.16218,0.9,5.4
17.11.2025 04:16:26.090 GMT+0500,1.16212,1.1621000000000001,0.9,0.45
17.11.2025 04:16:26.144 GMT+0500,1.1621000000000001,1.16205,0.9,0.9
17.11.2025 04:16:34.089 GMT+0500,1.16205,1.16202,0.9,0.9
17.11.2025 04:16:34.142 GMT+0500,1.16205,1.1620000000000001,0.9,0.9
17.11.2025 04:16:35.364 GMT+0500,1.16203,1.1620000000000001,0.9,1.99
17.11.2025 04:16:35.779 GMT+0500,1.1620700000000002,1.16202,3.6,0.9
17.11.2025 04:16:35.937 GMT+0500,1.1621000000000001,1.16204,1.8,0.9
17.11.2025 04:16:38.935 GMT+0500,1.16208,1.16204,0.9,1.09
17.11.2025 04:16:39.244 GMT+0500,1.1620700000000002,1.16203,0.9,1.99
17.11.2025 04:16:42.623 GMT+0500,1.16206,1.16203,0.9,1.09
17.11.2025 04:16:42.678 GMT+0500,1.16204,1.16199,0.9,1.8
17.11.2025 04:16:43.545 GMT+0500,1.16205,1.16202,0.9,0.9
17.11.2025 04:16:44.411 GMT+0500,1.16206,1.16203,0.9,0.9
17.11.2025 04:16:47.232 GMT+0500,1.16205,1.16202,0.9,1.99
17.11.2025 04:16:50.118 GMT+0500,1.16206,1.16203,0.9,0.9
17.11.2025 04:17:00.391 GMT+0500,1.1620700000000002,1.16204,0.9,0.9
17.11.2025 04:17:18.457 GMT+0500,1.16208,1.16205,0.9,0.9
17.11.2025 04:17:43.990 GMT+0500,1.16209,1.16206,0.9,0.9
17.11.2025 04:17:51.470 GMT+0500,1.1621000000000001,1.16206,1.8,0.9
17.11.2025 04:18:03.854 GMT+0500,1.16209,1.16204,0.9,1.99
17.11.2025 04:18:21.585 GMT+0500,1.1621000000000001,1.16206,1.8,0.9
17.11.2025 04:18:23.752 GMT+0500,1.1621299999999999,1.1621100000000002,0.9,0.9
17.11.2025 04:18:23.806 GMT+0500,1.16215,1.16212,2.7,0.9
17.11.2025 04:18:23.859 GMT+0500,1.1621700000000001,1.16212,5.4,0.9
17.11.2025 04:18:24.014 GMT+0500,1.16218,1.16212,1.8,0.9
17.11.2025 04:18:36.272 GMT+0500,1.16214,1.1621100000000002,0.9,1.99
17.11.2025 04:18:43.105 GMT+0500,1.1621700000000001,1.1621100000000002,1.8,0.9
17.11.2025 04:19:00.501 GMT+0500,1.16212,1.1621000000000001,0.9,1.09
17.11.2025 04:19:00.810 GMT+0500,1.16212,1.16209,0.9,0.9
17.11.2025 04:19:13.530 GMT+0500,1.1621100000000002,1.16208,0.9,0.9
17.11.2025 04:19:17.011 GMT+0500,1.1621299999999999,1.16208,0.9,0.9
17.11.2025 04:19:18.925 GMT+0500,1.16214,1.1621000000000001,1.8,0.9
17.11.2025 04:19:35.940 GMT+0500,1.1621299999999999,1.16208,0.9,0.9
17.11.2025 04:19:36.045 GMT+0500,1.1621100000000002,1.16208,0.9,1.99
17.11.2025 04:19:51.432 GMT+0500,1.1621000000000001,1.16205,0.9,2.89
17.11.2025 04:19:54.070 GMT+0500,1.1620700000000002,1.16202,0.9,2.89
17.11.2025 04:19:54.174 GMT+0500,1.16209,1.16204,0.9,0.9
17.11.2025 04:20:01.508 GMT+0500,1.16208,1.16203,0.9,0.9
17.11.2025 04:20:02.530 GMT+0500,1.16206,1.16203,0.9,0.9
17.11.2025 04:20:03.403 GMT+0500,1.16205,1.1620000000000001,0.9,2.89
17.11.2025 04:20:03.813 GMT+0500,1.16204,1.16199,0.9,0.9
17.11.2025 04:20:06.239 GMT+0500,1.1620000000000001,1.16198,4.5,0.9
17.11.2025 04:20:06.345 GMT+0500,1.16196,1.16195,0.9,0.9
17.11.2025 04:20:06.399 GMT+0500,1.16198,1.16195,2.7,0.9
17.11.2025 04:20:08.120 GMT+0500,1.16196,1.16192,0.9,2.89
17.11.2025 04:20:08.225 GMT+0500,1.16195,1.16192,0.9,0.9
17.11.2025 04:20:11.771 GMT+0500,1.16194,1.16191,0.9,0.9
17.11.2025 04:20:29.058 GMT+0500,1.16196,1.16194,1.8,4.5
17.11.2025 04:20:29.112 GMT+0500,1.16199,1.16194,1.8,0.9
17.11.2025 04:21:27.443 GMT+0500,1.16201,1.1620000000000001,0.9,0.9
17.11.2025 04:21:27.548 GMT+0500,1.16202,1.1620000000000001,0.9,0.9
17.11.2025 04:21:27.650 GMT+0500,1.16203,1.1620000000000001,0.9,0.9
17.11.2025 04:21:31.688 GMT+0500,1.16202,1.16199,0.9,0.99
17.11.2025 04:21:59.214 GMT+0500,1.16199,1.16196,0.9,3.79
17.11.2025 04:21:59.626 GMT+0500,1.16199,1.16194,0.9,1.89
17.11.2025 04:22:40.022 GMT+0500,1.16196,1.16193,0.9,2.08
17.11.2025 04:23:22.394 GMT+0500,1.1619700000000002,1.16194,0.9,0.9
17.11.2025 04:23:22.549 GMT+0500,1.1620000000000001,1.16194,0.9,0.9
17.11.2025 04:23:26.201 GMT+0500,1.16201,1.16198,3.37,6.39
17.11.2025 04:23:26.306 GMT+0500,1.16205,1.1620000000000001,0.9,0.9
17.11.2025 04:23:29.498 GMT+0500,1.16205,1.16202,0.9,0.9
17.11.2025 04:23:34.183 GMT+0500,1.16205,1.16199,0.9,2.08
17.11.2025 04:23:34.290 GMT+0500,1.1620700000000002,1.16202,2.7,0.9
17.11.2025 04:23:34.751 GMT+0500,1.1621000000000001,1.16205,1.8,0.9
17.11.2025 04:23:49.129 GMT+0500,1.16212,1.1620700000000002,1.8,0.9
17.11.2025 04:23:49.184 GMT+0500,1.16215,1.16209,1.8,0.9
17.11.2025 04:23:49.237 GMT+0500,1.1621299999999999,1.16208,1.8,0.9
17.11.2025 04:23:50.460 GMT+0500,1.16214,1.16209,0.9,0.9
17.11.2025 04:24:01.185 GMT+0500,1.16209,1.16206,0.9,1.8
17.11.2025 04:24:01.240 GMT+0500,1.16212,1.1621000000000001,1.8,0.9
17.11.2025 04:24:01.294 GMT+0500,1.16214,1.1621100000000002,0.9,0.9
17.11.2025 04:24:04.941 GMT+0500,1.1621299999999999,1.1621000000000001,0.9,2.89
17.11.2025 04:24:21.662 GMT+0500,1.1621700000000001,1.1621299999999999,2.47,2.7
17.11.2025 04:24:21.768 GMT+0500,1.1621700000000001,1.16214,0.9,0.9
17.11.2025 04:24:22.076 GMT+0500,1.16219,1.16214,0.9,0.9
17.11.2025 04:24:25.326 GMT+0500,1.16215,1.1621299999999999,0.9,0.9
17.11.2025 04:24:25.432 GMT+0500,1.16216,1.16214,0.9,1.09
17.11.2025 04:24:25.638 GMT+0500,1.16216,1.1621299999999999,0.9,0.9
17.11.2025 04:24:36.685 GMT+0500,1.16219,1.16216,0.9,0.9
17.11.2025 04:24:36.790 GMT+0500,1.16219,1.16214,0.9,0.9
17.11.2025 04:24:49.149 GMT+0500,1.1622100000000002,1.16216,0.9,0.9
17.11.2025 04:24:49.254 GMT+0500,1.1622000000000001,1.16215,0.9,0.9
17.11.2025 04:24:54.032 GMT+0500,1.1622100000000002,1.1621700000000001,0.9,0.9
17.11.2025 04:24:54.137 GMT+0500,1.16222,1.1621700000000001,0.9,0.9
17.11.2025 04:24:57.591 GMT+0500,1.16219,1.1621700000000001,0.9,1.09
17.11.2025 04:24:57.899 GMT+0500,1.16219,1.16216,0.9,0.9
17.11.2025 04:25:52.379 GMT+0500,1.1622000000000001,1.16218,0.9,0.9
17.11.2025 04:25:52.432 GMT+0500,1.16222,1.16218,0.9,0.9
17.11.2025 04:25:52.740 GMT+0500,1.1622100000000002,1.16216,0.9,1.99
17.11.2025 04:26:02.134 GMT+0500,1.1622100000000002,1.16218,0.9,0.9
17.11.2025 04:27:06.379 GMT+0500,1.16219,1.16215,0.9,0.9
17.11.2025 04:27:06.485 GMT+0500,1.16219,1.16214,0.9,0.9
17.11.2025 04:27:45.089 GMT+0500,1.16214,1.16212,4.5,2.92
17.11.2025 04:27:45.144 GMT+0500,1.1621700000000001,1.16214,0.9,0.9
17.11.2025 04:27:49.043 GMT+0500,1.1621700000000001,1.16212,0.9,0.9
17.11.2025 04:28:00.874 GMT+0500,1.1621100000000002,1.16209,0.9,2.02
17.11.2025 04:28:00.979 GMT+0500,1.16212,1.1620700000000002,0.9,0.9
17.11.2025 04:28:08.021 GMT+0500,1.16206,1.16205,1.8,0.9
17.11.2025 04:28:08.126 GMT+0500,1.16208,1.16206,0.9,1.09
17.11.2025 04:28:08.332 GMT+0500,1.16208,1.16205,0.9,0.9
17.11.2025 04:28:08.485 GMT+0500,1.16209,1.16206,1.8,0.9
17.11.2025 04:28:11.640 GMT+0500,1.16212,1.16206,1.89,0.9
17.11.2025 04:28:16.243 GMT+0500,1.1621000000000001,1.16206,0.9,1.09
17.11.2025 04:28:16.550 GMT+0500,1.16209,1.16206,0.9,0.9
17.11.2025 04:28:17.206 GMT+0500,1.1621100000000002,1.16208,3.6,0.9
17.11.2025 04:28:17.312 GMT+0500,1.16212,1.16209,0.9,0.9
17.11.2025 04:28:28.273 GMT+0500,1.1621299999999999,1.1621000000000001,0.9,0.9
17.11.2025 04:28:38.403 GMT+0500,1.1621100000000002,1.16206,0.9,1.8
17.11.2025 04:28:38.508 GMT+0500,1.16208,1.16205,0.9,0.9
17.11.2025 04:28:42.150 GMT+0500,1.1620700000000002,1.16204,0.9,1.99
17.11.2025 04:28:52.461 GMT+0500,1.16206,1.16203,0.9,1.99
17.11.2025 04:29:01.109 GMT+0500,1.1620700000000002,1.16204,0.9,0.9
17.11.2025 04:29:01.266 GMT+0500,1.1621000000000001,1.16204,1.8,0.9
17.11.2025 04:29:01.523 GMT+0500,1.16209,1.16204,0.9,1.09
17.11.2025 04:29:01.678 GMT+0500,1.16209,1.16203,0.9,2.89
17.11.2025 04:29:01.984 GMT+0500,1.16209,1.16205,0.9,1.99
17.11.2025 04:29:44.451 GMT+0500,1.1621299999999999,1.16208,2.7,1.8
17.11.2025 04:30:04.748 GMT+0500,1.16212,1.16208,0.9,1.09
17.11.2025 04:30:05.000 GMT+0500,1.16212,1.1620700000000002,0.9,1.99
17.11.2025 04:30:07.939 GMT+0500,1.1621000000000001,1.16208,0.9,1.09
17.11.2025 04:30:08.292 GMT+0500,1.1621000000000001,1.1620700000000002,0.9,1.99
17.11.2025 04:30:25.739 GMT+0500,1.16208,1.16205,0.9,0.9
17.11.2025 04:30:25.792 GMT+0500,1.1620700000000002,1.16204,0.9,0.9
17.11.2025 04:30:40.458 GMT+0500,1.1621000000000001,1.1620700000000002,2.7,0.9
17.11.2025 04:30:40.511 GMT+0500,1.16209,1.16205,0.9,0.9
17.11.2025 04:30:54.389 GMT+0500,1.16209,1.16204,0.12,0.9
17.11.2025 04:31:00.356 GMT+0500,1.1621100000000002,1.16206,1.8,0.9
17.11.2025 04:31:02.891 GMT+0500,1.1621000000000001,1.16205,0.9,1.99
17.11.2025 04:31:05.877 GMT+0500,1.16208,1.16205,0.9,1.99
17.11.2025 04:31:10.617 GMT+0500,1.1621000000000001,1.16205,1.8,0.9
17.11.2025 04:31:13.457 GMT+0500,1.1621000000000001,1.1620700000000002,1.89,0.9
17.11.2025 04:31:15.225 GMT+0500,1.16209,1.16206,0.9,1.99
17.11.2025 04:31:26.697 GMT+0500,1.16206,1.16204,0.9,0.9
17.11.2025 04:31:26.751 GMT+0500,1.16203,1.16202,0.9,3.6
17.11.2025 04:31:26.856 GMT+0500,1.16204,1.16201,0.9,5.4
17.11.2025 04:31:45.485 GMT+0500,1.16203,1.16201,0.9,1.09
17.11.2025 04:31:45.691 GMT+0500,1.16203,1.1620000000000001,0.9,0.9
17.11.2025 04:33:02.053 GMT+0500,1.16205,1.1620000000000001,1.8,0.9
17.11.2025 04:33:03.270 GMT+0500,1.16204,1.1620000000000001,0.12,0.9
17.11.2025 04:33:04.435 GMT+0500,1.16205,1.16203,0.12,0.9
17.11.2025 04:33:07.009 GMT+0500,1.16205,1.16204,0.12,0.9
17.11.2025 04:33:07.062 GMT+0500,1.16209,1.16206,1.89,0.9
17.11.2025 04:33:07.167 GMT+0500,1.1621000000000001,1.16206,0.12,0.9
17.11.2025 04:33:13.369 GMT+0500,1.1621100000000002,1.16206,1.8,0.9
17.11.2025 04:33:13.472 GMT+0500,1.16209,1.16206,0.9,0.9
17.11.2025 04:33:20.528 GMT+0500,1.1621100000000002,1.16208,0.9,0.9
17.11.2025 04:33:34.974 GMT+0500,1.1621100000000002,1.16206,0.9,0.9
17.11.2025 04:33:52.222 GMT+0500,1.16208,1.16205,0.9,3.79
17.11.2025 04:34:08.897 GMT+0500,1.1620700000000002,1.16204,0.9,0.94
17.11.2025 04:34:09.002 GMT+0500,1.16208,1.16205,0.9,0.9
17.11.2025 04:34:12.743 GMT+0500,1.16209,1.16205,0.12,0.9
17.11.2025 04:34:12.848 GMT+0500,1.16212,1.16209,2.34,0.9
17.11.2025 04:34:16.138 GMT+0500,1.16212,1.1621000000000001,0.12,0.9
17.11.2025 04:34:17.047 GMT+0500,1.1621299999999999,1.1621000000000001,1.89,0.9
17.11.2025 04:34:18.308 GMT+0500,1.16214,1.1621100000000002,2.34,0.9
17.11.2025 04:34:20.885 GMT+0500,1.1621000000000001,1.1620700000000002,0.99,0.22
17.11.2025 04:34:20.939 GMT+0500,1.1620700000000002,1.16205,0.9,4.5
17.11.2025 04:34:21.146 GMT+0500,1.16208,1.16203,0.9,0.9
17.11.2025 04:34:41.450 GMT+0500,1.16208,1.16205,0.9,0.9
17.11.2025 04:35:04.904 GMT+0500,1.16209,1.16206,1.35,0.9
17.11.2025 04:35:05.010 GMT+0500,1.1621100000000002,1.16208,1.35,0.9
17.11.2025 04:35:11.765 GMT+0500,1.1621299999999999,1.16208,0.9,0.9
17.11.2025 04:35:16.304 GMT+0500,1.16214,1.16209,0.9,0.9
17.11.2025 04:35:31.208 GMT+0500,1.16214,1.1621100000000002,0.45,0.9
17.11.2025 04:35:31.312 GMT+0500,1.16216,1.1621100000000002,0.45,0.9
17.11.2025 04:35:35.101 GMT+0500,1.1621299999999999,1.1621000000000001,0.9,0.9
17.11.2025 04:35:40.905 GMT+0500,1.1621299999999999,1.1620700000000002,0.9,0.9
17.11.2025 04:35:44.030 GMT+0500,1.1621100000000002,1.16206,0.9,0.9
17.11.2025 04:35:44.135 GMT+0500,1.16209,1.16206,0.9,1.99
17.11.2025 04:35:44.289 GMT+0500,1.1621100000000002,1.16206,0.99,0.9
17.11.2025 04:35:44.548 GMT+0500,1.16208,1.16205,0.9,1.99
17.11.2025 04:35:47.293 GMT+0500,1.16209,1.16205,1.44,0.9
17.11.2025 04:35:51.990 GMT+0500,1.16208,1.16205,0.45,0.9
17.11.2025 04:35:52.395 GMT+0500,1.1620700000000002,1.16204,0.9,0.9
17.11.2025 04:35:52.951 GMT+0500,1.16206,1.16201,0.9,1.99
17.11.2025 04:35:59.559 GMT+0500,1.16204,1.16199,0.9,2.89
17.11.2025 04:35:59.664 GMT+0500,1.16202,1.1620000000000001,0.12,0.9
17.11.2025 04:35:59.969 GMT+0500,1.16203,1.1619700000000002,0.99,0.9
17.11.2025 04:36:01.687 GMT+0500,1.16201,1.16198,1.8,0.9
17.11.2025 04:36:01.740 GMT+0500,1.16203,1.16199,1.89,0.9
17.11.2025 04:36:01.948 GMT+0500,1.16203,1.16201,0.45,0.9
